%NOTE: headings are for the first mention of this source


% INTRODUCTION

@ARTICLE{wang:2016, 
	author={R. Wang and H. Jing and C. Hu and F. Yan and N. Chen}, 
	journal={IEEE Transactions on Intelligent Transportation Systems}, 
	title={Robust $H_{infty}$ Path Following Control for Autonomous Ground Vehicles With Delay and Data Dropout}, 
	year={2016}, 
	volume={PP}, 
	number={99}, 
	pages={1-9}, 
	keywords={Delays;Global Positioning System;Land vehicles;Robustness;Stability analysis;Tires;Robust control;autonomous ground vehicles;data dropout;delay;path following}, 
	ISSN={1524-9050}, 
	month={},}

@ARTICLE{yoon:2015, 
	author={S. Yoon and S. E. Yoon and U. Lee and D. H. Shim}, 
	journal={IEEE Transactions on Intelligent Transportation Systems}, 
	title={Recursive Path Planning Using Reduced States for Car-Like Vehicles on Grid Maps}, 
	year={2015}, 
	volume={16}, 
	number={5}, 
	pages={2797-2813}, 
	keywords={automobiles;collision avoidance;kinematics;road traffic control;vehicle dynamics;autonomous ground vehicle;car-like vehicles;collision-free path generation;grid map;kinematics-aware node expansion method;recursive path planning method;vehicle kinematics;vehicle shape;vehicle turning space;Kinematics;Land vehicles;Path planning;Shape;Space vehicles;Turning;$hbox{A}^{ast}$;A *;car-like vehicle;path planning;turning space}, 
	ISSN={1524-9050}, 
	month={Oct},}

@ARTICLE{shim:2015, 
	author={I. Shim and J. Choi and S. Shin and T. H. Oh and U. Lee and B. Ahn and D. G. Choi and D. H. Shim and I. S. Kweon}, 
	journal={IEEE Transactions on Intelligent Transportation Systems}, 
	title={An Autonomous Driving System for Unknown Environments Using a Unified Map}, 
	year={2015}, 
	volume={16}, 
	number={4}, 
	pages={1999-2013}, 
	keywords={automobiles;collision avoidance;control engineering computing;intelligent transportation systems;mobile robots;pedestrians;2012 Hyundai autonomous ground vehicle competition;autonomous driving system;collision-free paths;future intelligent transportation systems;onboard sensors;pedestrians;prebuilt maps;self-driving cars;traffic laws;traffic signals;traffic signs;unified map;unknown environments;virtual obstacles;Cameras;Detection algorithms;Laser radar;Mobile robots;Roads;Sensors;Vehicles;Autonomous driving system;autonomous vehicle;detection for traffic information;local map representation}, 
	ISSN={1524-9050}, 
	month={Aug},}

@INPROCEEDINGS{jardine:2016, 
	author={P. T. Jardine and S. Givigi}, 
	booktitle={IEEE International Systems Conference 2016}, 
	title={A Predictive Motion Planner for Guidance of Autonomous {UAV} Systems}, 
	year={2016}, 
	pages={}, 
	month={April,},}

@INPROCEEDINGS{jardine:2015, 
	author={P. T. Jardine and S. Givigi and A. Noureldin}, 
	booktitle={Control and Automation (MED), 2015 23th Mediterranean Conference on}, 
	title={Incorporating feedback predictions for optimized {UAV} attack mission planning}, 
	year={2015}, 
	pages={740-746}, 
	keywords={autonomous aerial vehicles;closed loop systems;collision avoidance;feedback;linearisation techniques;military aircraft;optimisation;predictive control;vehicle dynamics;MATLAB;{MPC};{UAV} dynamics;closed-loop feedback predictions;complex enemy defenses;convex optimization problem;dynamic extension;enemy defense avoidance;feedback predictions;finite horizon;ground attack missions;layered enemy defense system;linear inequality constraints;model predictive control;optimized {UAV} attack mission planning;piece-wise affine function;unicycle;unmanned aerial vehicle motion planning;Linear matrix inequalities;Mobile communication;Planning;Stability analysis;Thermal stability;Vehicle dynamics;Vehicles;{MPC};{UAV} ground attack;quadratic program;target tracking}, 
	month={June},}

@ARTICLE{Zhao:2015, 
	author={Zhao, J. and Wang, J.}, 
	journal={Vehicular Technology, IEEE Transactions on}, 
	title={Integrated Model Predictive Control of Hybrid Electric Vehicle Coupled with Aftertreatment Systems}, 
	year={2015}, 
	volume={PP}, 
	number={99}, 
	pages={1-1}, 
	keywords={Batteries;Combustion;Engines;Fuel economy;Hybrid electric vehicles;Torque;Hybrid electric vehicle;diesel engine;emissions}, 
	ISSN={0018-9545}, 
	month={},}

@ARTICLE{Mooryong:2014, 
	author={Mooryong Choi and Choi, S.B.}, 
	journal={Vehicular Technology, IEEE Transactions on}, 
	title={Model Predictive Control for Vehicle Yaw Stability With Practical Concerns}, 
	year={2014}, 
	volume={63}, 
	number={8}, 
	pages={3539-3548}, 
	keywords={bicycles;optimal control;predictive control;stability;tyres;vehicle dynamics;ESC method;{MPC} problem;bicycle model;constrained optimal control theory;electronic stability control;high-μ surfaces;lagged characteristics;lagged tire force;low-μ surfaces;model predictive control;numeric solvers;vehicle behavior;vehicle dynamics software CarSim;vehicle yaw stability;Bicycles;Force;Predictive models;Stability analysis;Tires;Vehicle dynamics;Electronic stability control (ESC);model predictive control ({MPC});vehicle dynamics;vehicle yaw stability}, 
	ISSN={0018-9545}, 
	month={Oct},}

@ARTICLE{Chunbo:2013, 
	author={Chunbo Luo and McClean, S.I. and Parr, G. and Teacy, L. and De Nardi, R.}, 
	journal={Vehicular Technology, IEEE Transactions on}, 
	title={{UAV} Position Estimation and Collision Avoidance Using the Extended Kalman Filter}, 
	year={2013}, 
	volume={62}, 
	number={6}, 
	pages={2749-2762}, 
	keywords={Global Positioning System;Kalman filters;adaptive estimation;aircraft navigation;autonomous aerial vehicles;collision avoidance;least squares approximations;nonlinear filters;path planning;sensor fusion;signal detection;EKF;GPS signal;Global Positioning System;LS algorithms;RSS-based position estimation;{UAV} flight;{UAV} position estimation;{UAV} predefined trajectory;adaptive estimation algorithm;collision avoidance;colored noise model;constant position awareness;constant positioning problem;data fusion;distance estimation;extended Kalman filter;information collection;least squares algorithms;onboard communication module;orthogonal rule;path-loss factor;path-loss factor estimation;position information;received signal strength;unmanned aerial vehicles;velocity information;Adaptation models;Colored noise;Estimation;Kalman filters;Mathematical model;Wireless communication;Collision avoidance;colored noise;extended Kalman filter (EKF);position estimation}, 
	ISSN={0018-9545}, 
	month={July},}

@ARTICLE{Belkhouche:2013, 
	author={Belkhouche, F.}, 
	journal={Vehicular Technology, IEEE Transactions on}, 
	title={Modeling and Calculating the Collision Risk for Air Vehicles}, 
	year={2013}, 
	volume={62}, 
	number={5}, 
	pages={2031-2041}, 
	keywords={Monte Carlo methods;autonomous aerial vehicles;collision avoidance;mobile robots;nonlinear control systems;probability;risk management;Monte Carlo methods;{UAV};autonomous air vehicles;bearing time rates;collision conditions;collision cone angles time rates;collision risk calculation;collision risk modeling;horizontal planes;nonGaussian noise;nonlinear systems;path planning;uncertainty propagation;unmanned air vehicles;vertical planes;Atmospheric modeling;Equations;Mathematical model;Monte Carlo methods;Risk management;Uncertainty;Vehicles;Collision risk assessment;path planning;probability of collision;unmanned air vehicles ({UAV}s)}, 
	ISSN={0018-9545}, 
	month={Jun},}

@ARTICLE{Zheng-1995, 
author={Zheng, A and Morari, M.}, 
journal={Automatic Control, IEEE Transactions on}, 
title={Stability of model predictive control with mixed constraints}, 
year={1995}, 
month={Oct}, 
volume={40}, 
number={10}, 
pages={1818-1823}, 
keywords={eigenvalues and eigenfunctions;feedback;predictive control;stability;stability criteria;closed unit disk;eigenvalues;finite-dimensional quadratic program;global asymptotic stability;infinitely long output horizon;mixed constraints;model predictive control stability;open loop system;output constraints;output feedback;stability conditions;state feedback;Automatic control;Constraint optimization;Eigenvalues and eigenfunctions;Infinite horizon;Predictive control;Predictive models;Sampling methods;Stability;State estimation;State feedback}, 
doi={10.1109/9.467664}, 
ISSN={0018-9286},}

@book{Thrun-2005,
 author = {Thrun, Sebastian and Burgard, Wolfram and Fox, Dieter},
 title = {Probabilistic Robotics (Intelligent Robotics and Autonomous Agents)},
 year = {2005},
 isbn = {0262201623},
 publisher = {The MIT Press},
} 

%Motivation

@ARTICLE{Sparrow-2009,
author={Sparrow, R.},
journal={IEEE Technology and Society Magazine},
title={Predators or plowshares? {Arms} control of robotic weapons},
year={2009},
month={Mar},
volume={28},
number={1},
pages={25-29},
doi={10.1109/MTS.2009.931862},
ISSN={0278-0097},}

@INPROCEEDINGS{Giese-2013,
author={Giese, S. and Carr, D. and Chahl, J.},
booktitle={Proc. of the IEEE Intelligent Vehicles Symposium (IV) },
title={Implications for unmanned systems research of military {{UAV}} mishap statistics},
year={2013},
month={Jun},
pages={1191-1196},
keywords={autonomous aerial vehicles;human factors;military aircraft;statistics;UGV human factors;United States Air Force;military {UAV} mishap statistics;predator {UAV} mishaps;unmanned aerial vehicle consoles;unmanned aerial vehicle controls;unmanned aerial vehicle mishaps;unmanned ground vehicle human factors;unmanned system research;Aircraft;Australia;Hafnium;Human factors;Military aircraft;Safety;Training},
doi={10.1109/IVS.2013.6629628},
ISSN={1931-0587},}

@unpublished{Janes-2011,
author={{Janes Information Group}.},
journal={Intelligence Briefings},
title={Evolution in Autonomy: Prospects for the Deployment of a New Generation of Armed {{UAV}}s},
url={https://janes-ihs-com.ezproxy.libproxy.db.erau.edu/CustomPages/Janes/DisplayPage.aspx?DocType=Intelligence+Centre+Briefings&ItemId=+++1525709&Pubabbrev=JIBR‎},
year={2011}} 

@ARTICLE{Suresh-2012,
author={Suresh, M. and Ghose, D.},
journal={IEEE Trans. on Aerospace and Electronic Systems},
title={{{UAV}} Grouping and Coordination Tactics for Ground Attack Missions},
year={2012},
month={Jan},
volume={48},
number={1},
pages={673-692},
doi={10.1109/TAES.2012.6129663},
ISSN={0018-9251},}


@ARTICLE{Howard-2014,
author={Howard, T.M. and Pivtoraiko, M. and Knepper, R.A and Kelly, A},
journal={IEEE Robotics Automation Magazine},
title={Model-Predictive Motion Planning: Several Key Developments for Autonomous Mobile Robots},
year={2014},
month={Mar},
volume={21},
number={1},
pages={64-73},
doi={10.1109/MRA.2013.2294914},
ISSN={1070-9932},}


% BACKGROUND
%% Classical Search Techniques
@ARTICLE{Dijkstra-1959,
author={Dijkstra, E.},
journal={Numerische Mathematik},
title={A note on two problems in connexion with graphs},
month={Dec},
year={1959},
volume={1},
pages={269-271},
}

@ARTICLE{Hart-1968,
author={ Hart, P. and Nilsson, N. and Raphael, B.},
journal={IEEE Trans. on Systems Science and Cybernetics},
title={A formal basis for the heuristic determination of minimum cost paths},
month={Jul},
year={1968},
volume={4},
pages={100-107},
}


@INPROCEEDINGS{Fan-2010,
author={Fan, D. and Shi, P.},
booktitle={Proc. of the 7th Int. Conf. Fuzzy Systems and Knowledge Discovery},
title={Improvement of {Dijkstra’s} algorithm and its application in route planning},
month={Aug},
year={2010},
pages={1901-1904},
}


@incollection{Delling-2009,
year={2009},
isbn={978-3-642-02093-3},
booktitle={Algorithmics of Large and Complex Networks},
volume={5515},
series={Lecture Notes in Computer Science},
editor={Lerner, J. and Wagner, D. and Zweig, K.},
doi={10.1007/978-3-642-02094-07},
title={Engineering Route Planning Algorithms},
publisher={Springer-Berlin-Heidelberg},
author={Delling, D. and Sanders, P. and Schultes, D. and Wagner, D.},
pages={117-139}
}

%% Reactive Planning

@book{Choset-2005,
   author = "Howie Choset and Kevin M. Lynch and Seth Hutchinson and George A Kantor and Wolfram Burgard and Lydia E. Kavraki and Sebastian Thrun",
   title = "Principles of Robot Motion: Theory, Algorithms, and Implementations",
   booktitle = "Principles of Robot Motion: Theory, Algorithms, and Implementations",
   publisher = "MIT Press",
   address = "Cambridge, MA",
   month = "Jun",
   year = "2005",
   Notes = "ISBN 0-262-03327-5"
} 

@INPROCEEDINGS{Chen-2013,
author={Xia Chen and Jing Zhang},
booktitle={Proc. of the 5th Int. Conf. on Intelligent Human-Machine Systems and Cybernetics (IHMSC)},
title={The Three-Dimension Path Planning of {{UAV}} Based on Improved Artificial Potential Field in Dynamic Environment},
year={2013},
month={Aug},
volume={2},
pages={144-147},
keywords={autonomous aerial vehicles;optimisation;path planning;{UAV};dynamic environment;improved artificial potential field;path optimization;three-dimension path planning;unmanned aerial vehicle;Electric shock;Force;Heuristic algorithms;Optimization;Path planning;Planning;Vehicle dynamics;3D path planning;{UAV};artificial potential field;path optimization},
doi={10.1109/IHMSC.2013.181},}

@ARTICLE{Fox-1997,
author={Fox, D. and Burgard, W. and Thrun, S.},
journal={IEE Robotics Automation Magazine},
title={The dynamic window approach to collision avoidance},
year={1997},
month={Mar},
volume={4},
number={1},
pages={23-33},
keywords={mobile robots;position control;synchros;0.95 m/s;RHINO;collision avoidance;dynamic window approach;mobile robots;motion dynamics;synchro-drives;Acceleration;Collision avoidance;Humans;Mobile robots;Motion control;Motion planning;Orbital robotics;Robot control;Robot sensing systems;Robotics and automation},
doi={10.1109/100.580977},
ISSN={1070-9932},}

@INPROCEEDINGS{Seder-2005,
author={Seder, M., and Macek, K., and Petrovic, I.},
booktitle={Proc. of the 31st Conf. IEEE Industrial Electronics Society},
title={An integrated approach to real-time mobile robot control in partially known indoor environments},
month={Nov},
year={2005},
pages={1785-1790},
}

@INPROCEEDINGS{Fulgenzi-2007,
    author = {Chiara Fulgenzi and Anne Spalanzani and Christian Laugier},
    title = {Dynamic obstacle avoidance in uncertain environment combining PVOs and occupancy grid},
    booktitle = {Proc. of the IEEE Int. Conf. on Robotics and Automation},
    month={Apr},
    year = {2007},
    pages = {1610--1616}
}


@INPROCEEDINGS{Xu-2010,
author={Bin Xu and Stilwell, D.J. and Kurdila, AJ.},
booktitle={Proc. of the IEEE Int. Conf. on Robotics and Automation (ICRA)},
title={A receding horizon controller for motion planning in the presence of moving obstacles},
year={2010},
month={May},
pages={974-980},
keywords={collision avoidance;road vehicles;time-varying systems;minimal risk motion planning;moving obstacles;path planning;receding horizon controller;time-varying maps;Land vehicles;Level set;Mobile robots;Motion control;Motion planning;Path planning;Remotely operated vehicles;Robotics and automation;Trajectory;Vehicle dynamics},
doi={10.1109/ROBOT.2010.5509741},
ISSN={1050-4729},}

@INPROCEEDINGS{Foka-2003,
author={Foka, AF. and Trahanias, P.E.},
booktitle={Proc. of IEEE/RSJ Int. Conf. on Intelligent Robots and Systems (IROS)},
title={Predictive control of robot velocity to avoid obstacles in dynamic environments},
year={2003},
month={Oct},
volume={1},
pages={370-375 vol.1},
keywords={Markov processes;collision avoidance;mobile robots;predictive control;velocity control;obstacle avoidance;partially observable Markov decision process;predictive control;robot trajectory;robot velocity;velocity control;Computer science;Humans;Motion planning;Navigation;Orbital robotics;Predictive control;Predictive models;Robot control;State-space methods;Trajectory},
doi={10.1109/IROS.2003.1250656},}


%% {MPC} History

%%%surveys of early {MPC} and derivatives
@article{Garcia-1989,
title = "Model predictive control: Theory and practice—A survey ",
journal = "Automatica ",
volume = "25",
number = "3",
pages = "335 - 348",
month = "May",
year = "1989",
note = "",
issn = "0005-1098",
author = "Carlos E. García and David M. Prett and Manfred Morari",

}

@article{Qin-2003,
title = "A survey of industrial model predictive control technology ",
journal = "Control Engineering Practice ",
volume = "11",
number = "7",
pages = "733 - 764",
month = "Dec",
year = "2003",
note = "",
issn = "0967-0661",
author = "S.Joe Qin and Thomas A. Badgwell"
}

%variety of names
@INPROCEEDINGS{Martin-1984,
author={Martin, G},
booktitle={Proc. of the American Control Conf.},
title={{IDCOM} Hierarchical Control of an Oil Refinery Reactor},
month={Jun},
year={1984},
pages={675 - 678},
}

@INPROCEEDINGS{Zhou-2008,
author={Zhou Jun-zhe and Li Xing and Zhu Hai-tang},
booktitle={Proc. of the Control and Decision Conf.},
title={Application and simulation of {DMC} controller in time delay inertial system},
year={2008},
month={Jul},
pages={649-654},
keywords={control engineering computing;delays;inertial systems;predictive control;DMC prediction control;MATLAB;industry process control;time delay inertial system;Control systems;Delay effects;Educational institutions;Electrical equipment industry;Industrial control;Mathematical model;Optimal control;Predictive models;Process control;Three-term control;DMC;PID;Simulation;Time delay inertial system},
doi={10.1109/CCDC.2008.4597394},}

@ARTICLE{DuToit-2012,
author={Du Toit, N.E. and Burdick, J.W.},
journal={IEEE Trans. on Robotics},
title={Robot Motion Planning in Dynamic, Uncertain Environments},
year={2012},
month={Feb},
volume={28},
number={1},
pages={101-115},
doi={10.1109/TRO.2011.2166435},
ISSN={1552-3098},}



%% more comprehensive {MPC} theory (2 good surveys)
@INBOOK{Bemporad-1999,
year={1999},
isbn={978-1-85233-179-5},
booktitle={Robustness in identification and control},
volume={245},
series={Lecture Notes in Control and Information Sciences},
editor={Garulli, A. and Tesi, A.},
doi={10.1007/BFb0109870},
title={Robust model predictive control: A survey},
publisher={Springer London},
author={Bemporad, A. and Morari, M.},
pages={207-226}
}

@article{Mayne-2000,
title = {Constrained model predictive control: Stability and optimality },
journal = {Automatica},
volume = {36},
number = {6},
pages = {789 - 814},
month={Jun},
year = {2000},
author = {D.Q. Mayne and J.B. Rawlings and C.V. Rao and P.O.M. Scokaert},
}


%%%General sources that illustrate strengths of {MPC}
@article{Yan-2005,
title = {Incorporating state estimation into model predictive control and its application to network traffic control},
journal = {Automatica},
volume = {41},
number = {4},
pages = {595 - 604},
month={Apr},
year = {2005},
issn = {0005-1098},
doi = {http://dx.doi.org/10.1016/j.automatica.2004.11.022},
author = {Jun Yan and Robert R. Bitmead},
}



@inproceedings{Kuwata-2005, 
	address = {San Francisco, CA},
	author = {Y. Kuwata and T. Schouwenaars and A. Richards and J. P. How},
	booktitle = {Proc. of the AIAA Guidance, Navigation, and Control Conf. (GNC)},
	keywords = {MILP, {UAV}, R{MPC}; path planning},
	month = {Aug},
	title = {Robust Constrained Receding Horizon Control for Trajectory Planning},
	year = {2005 (AIAA-2005-6079)}
}


@misc{Balandat-2010,
  author = {Balandat, M.},
  title = {Constrained Robust Optimal Trajectory Tracking: Model Predictive Control Approaches},
  school = {Darmstadt University of Technology},
  year = {2010},
  howpublished = {Diploma Thesis, Technische Universität Darmstadt}
}

%%% LQR 

@article{Costanza-2013,
month={Feb},
year={2013},
issn={0101-8205},
journal={Computational and Applied Mathematics},
volume={32},
number={2},
doi={10.1007/s40314-013-0025-7},
title={Optimal saturated feedback laws for {LQR} problems with bounded controls},
publisher={SP Birkhäuser Verlag Basel},
keywords={Optimal control; Constrained controls; Linear-quadratic problem; Primary 93C10; Secondary 49N10},
author={Costanza, Vicente and Rivadeneira, PabloS.},
pages={355-371},
language={English}
}



@INPROCEEDINGS{Torchani-2011,
author={Torchani, B. and Sellami, A and M'hiri, R. and Garcia, G.},
booktitle={Proc. of the Int. Conf. on Communications, Computing and Control Applications (CCCA)},
title={Comparative analysis of the saturated sliding mode and {LQR} controllers applied to an inverted pendulum},
year={2011},
month={Mar},
pages={1-6},
keywords={control system analysis;control system synthesis;linear quadratic control;linear systems;motion control;nonlinear control systems;variable structure systems;LQR controllers;SMC;design methodology;horizontal motion;inverted pendulum;linear quadratic regulator;linear saturated systems;saturated sliding mode analysis;saturation constraint;sliding mode control;Equations;Mathematical model;Regulators;Robustness;Sliding mode control;State feedback;LQR regulator;Robustness;Saturation;Sliding Mode Control;Variable Structure Control},
doi={10.1109/CCCA.2011.6031470},}

%%% Faster {MPC}
@ARTICLE{Wang-2010,
author={Yang Wang and Boyd, S.},
journal={IEEE Trans. on Control Systems Technology},
title={Fast Model Predictive Control Using Online Optimization},
year={2010},
month={Mar},
volume={18},
number={2},
pages={267-278},
keywords={control engineering computing;optimisation;predictive control;table lookup;lookup table;model predictive control;online optimization;slow dynamics;Model predictive control ({MPC});real-time convex optimization},
doi={10.1109/TCST.2009.2017934},
ISSN={1063-6536},}

%% QP formulation
@INPROCEEDINGS{BemporadFilippi-2001,
author={Bemporad, A. and Filippi, C.},
booktitle={ Proc. of the 40th IEEE Conf. on Decision and Control},
title={Suboptimal explicit {{MPC}} via approximate multiparametric quadratic programming},
month={Dec},
year={2001},
month={},
volume={5},
pages={4851-4856 vol.5},
keywords={discrete time systems;linear systems;predictive control;quadratic programming;vectors;approximate multiparametric quadratic programming;approximate solutions;degree of approximation;discrete-time linear time invariant system;linear constraints;optimization problem;parameter space;piecewise affine function;polyhedral cells;suboptimal explicit model predictive control;Automatic control;Constraint optimization;Optimal control;Performance analysis;Piecewise linear approximation;Piecewise linear techniques;Predictive control;Predictive models;Quadratic programming;Vectors},
doi={10.1109/.2001.980975},}

@article{Tondel-2003,
title = "An algorithm for multi-parametric quadratic programming and explicit {{MPC}} solutions ",
journal = "Automatica ",
volume = "39",
number = "3",
pages = "489 - 497",
month = "Mar",
year = "2003",
note = "",
issn = "0005-1098",
author = "Petter Tøndel and Tor Arne Johansen and Alberto Bemporad",
}

%%% Efficient solutions
@misc{Bemporad-2009,
author={Bemporad, A.},
journal={Controllo di Processo e dei Sistemi di Produzione},
title={Model Predictive Control: Basic Concepts},
url={www.seas.upenn.edu/~ese680/papers/Introduction{MPC}.pdf‎},
year={2009}} 

@BOOK{
         Nocedal-2006,
       edition = "2nd",
       author = "J. Nocedal and S. J. Wright",
       title = "Numerical Optimization",
       publisher = "Springer",
       year = "2006",
       address = "New York",
       ad_theotech = "General"
} 

@ONLINE{MathWorks-2014,
author = {MathWorks},
title = {Optimization Toolbox: quadprog},
year = {2014},
url = {http://www.mathworks.com/help/optim/ug/quadprog.html}
}

@ONLINE{Grant-2014,
author = {Grant, M. and Boyd, S.},
title = {{CVX}: Matlab Software for Disciplined Convex Programming},
year = {2014},
month = {Jun},
url = {http://cvxr.com/cvx/}
}

@ONLINE{Pike-2014,
author = {Pike, J},
title = {Global Security Database},
year = {2014},
month = {Aug},
url = {http://www.globalsecurity.org/org/index.html}
}



%% Related work


%Ground attack Scenarios

%the Seder one... and

@INPROCEEDINGS{Sousa-2004,
author={Sousa, J. and Simsek, T. and Varaiya, P.},
booktitle={Proc. of the 43rd IEEE Conf. on Decision and Control},
title={Task planning and execution for {{UAV}} teams},
year={2004},
month={Dec},
volume={4},
pages={3804-3810 Vol.4},
keywords={aircraft control;path planning;remotely operated vehicles;Blue force;Red ground force;SAM sites;Shift language;{UAV} teams;execution design;flight path;plan development;radars;real-time controllers;risk-minimizing path;space-time coordination;task planning;two level hierarchy;unmanned air combat vehicles;weapons release;Automata;Automatic control;Computer languages;Dynamic programming;Land vehicles;Radar;Road vehicles;Unmanned aerial vehicles;Vehicle dynamics;Weapons},
doi={10.1109/CDC.2004.1429331},
ISSN={0191-2216},}



@INPROCEEDINGS{Schumacher-2005,
author={Schumacher, C.},
booktitle={Proc. of the American Control Conf.},
title={Ground moving target engagement by cooperative {{UAV}s}},
year={2005},
month={Jun},
pages={4502-4505 vol. 7},
keywords={aircraft control;control engineering computing;military computing;military systems;multi-agent systems;remotely operated vehicles;target tracking;Multi{UAV} cooperative control simulation;cooperative {UAV};cooperative moving target engagement simulation;ground moving target engagement;vehicle agents;Communication networks;Communication system control;Humans;Land vehicles;Mobile robots;Remotely operated vehicles;Target tracking;Unmanned aerial vehicles;Vehicle dynamics;Weapons},
doi={10.1109/ACC.2005.1470705},
ISSN={0743-1619},}

@INPROCEEDINGS{Hafez-2014,
author={Hafez, AT. and Iskandarani, M. and Givigi, S.N. and Yousefi, S. and Rabbath, Camille Alain and Beaulieu, A},
booktitle={Proc. of the American Control Conf.},
title={Using Linear Model Predictive Control via Feedback Linearization for dynamic encirclement},
year={2014},
month={Jun},
pages={3868-3873},
keywords={Aerodynamics;Angular velocity;Equations;Mathematical model;Vectors;Vehicle dynamics;Vehicles;Feedback Linearization;Linear Model Predictive Control;Unmanned Aerial Vehicles},
doi={10.1109/ACC.2014.6858619},
ISSN={0743-1619},}



%Obs Avoidance

@INPROCEEDINGS{Zhou-2011,
author={Zhou Chao and Lei Ming and Zhou Shaolei and Zhang Wenguang},
booktitle={Proc. of the Int. Conf. on Electronics, Communications and Control (ICECC)},
title={Collision-free {{UAV}} formation flight control based on nonlinear {{MPC}}},
year={2011},
month={Sep},
pages={1951-1956},
keywords={aerospace simulation;aircraft control;collision avoidance;control system synthesis;convergence;nonlinear control systems;predictive control;quadratic programming;remotely operated vehicles;tracking;collision free {UAV} formation flight controller;control input saturation;cost function;filter SQP method;intervehicle collision avoidance;model predictive control;nonlinear {MPC};nonlinear optimization problem;relative distance;tracking error;unmanned aerial vehicle;velocity orientation;virtual reference point method;Collision avoidance;Cost function;Filtering algorithms;Predictive models;Trajectory;Vehicles;formation flight;nonlinear model predictive control;obstacle avoidance;priority strategy;virtual reference point},
doi={10.1109/ICECC.2011.6066578},}

@INPROCEEDINGS{Boccardo-2005,
author={M. Boccardo and M. Egerstedt and Y. Wardi},
booktitle={Proc. of Int. Fed. of Automatic ControlWorld Congress},
title={Obstacle avoidance for mobile robots using switching surface optimization},
month={Jul},
year={2005},
}

@INPROCEEDINGS{Frasch-2013,
author={Frasch, J.V. and Gray, A and Zanon, M. and Ferreau, H.J. and Sager, S. and Borrelli, F. and Diehl, M.},
booktitle={Proc. of the European Control Conf. (ECC)},
title={An auto-generated nonlinear {{MPC}} algorithm for real-time obstacle avoidance of ground vehicles},
year={2013},
month={Jul},
pages={4136-4141},
}

@INPROCEEDINGS{Storms-2014,
author={Storms, Justin G. and Tilbury, Dawn M.},
booktitle={Proc. of the American Control Conf. (ACC)},
title={Blending of human and obstacle avoidance control for a high speed mobile robot},
year={2014},
month={Jun},
pages={3488-3493},
keywords={Collision avoidance;Cost function;Mobile robots;Predictive models;Switches;Human-in-the-loop control;Mechanical systems/robotics;Predictive control for nonlinear systems},
doi={10.1109/ACC.2014.6859352},
ISSN={0743-1619},}

@article{Huang-2006,
title = "Visual navigation and obstacle avoidance using a steering potential function ",
journal = "Robotics and Autonomous Systems ",
volume = "54",
number = "4",
pages = "288 - 299",
year = "2006",
note = "",
issn = "0921-8890",
author = "Wesley H. Huang and Brett R. Fajen and Jonathan R. Fink and William H. Warren",
}

@INPROCEEDINGS{Mousavi-2013,
author={Mousavi, M.A and Heshmati, Z. and Moshiri, B.},
booktitle={Proc. of the 21st Iranian Conf. on Electrical Engineering (ICEE)},
title={{LTV-{MPC}} based path planning of an autonomous vehicle via convex optimization},
year={2013},
month={May},
pages={1-7},
keywords={Gaussian distribution;collision avoidance;convex programming;linearisation techniques;mobile robots;predictive control;remotely operated vehicles;stochastic processes;telerobotics;time-varying systems;Gaussian distribution;LTV-{MPC};algebraic simplification;autonomous vehicle;convex optimization problem;linear constraints;linear time varying model predictive control;obstacle avoidance mission;stochastic path planning;successive linearization;uncertainty sources;Collision avoidance;Mathematical model;Trajectory;Vectors;Vehicle dynamics;Vehicles;Convex Optimization;LTV-{MPC};Stochastic path planning},
doi={10.1109/IranianCEE.2013.6599610},}


@inproceedings{Fahimi-2007,
 author = {Fahimi, F.},
 title = {Nonlinear Model Predictive Formation Control for Groups of Autonomous Surface Vessels},
 booktitle = {Proc. of the Ninth IASTED Int. Conf. on Control and Applications},
 series = {CA '07},
month = {Jun}, 
year = {2007},
 isbn = {978-0-88986-666-9},
 location = {Montreal, Quebec, Canada},
 pages = {15--20},
 numpages = {6},
 acmid = {1687796},
 publisher = {ACTA Press},
 address = {Anaheim, CA, USA},
 keywords = {autonomous vehicle, formation control, nonlinear model predictive control, surface vessel},
} 



%% OTHER SOURCES


@INBOOK{Noureldin-2012,
year={2012
booktitle={{}Fundamentals of Inertial Navigation, Satellite-based Positioning and their Integration}},
publisher={Springer London},
author={Noureldin, A. and Karamat, T. and Georgy, J.},
}





@book{Rossiter-2004,
    address = {Boca Raton, FL},
    author = {Rossiter, J. A.},
    edition = {First},
    editor = {Bishop, Robert H.},
    publisher = {CRC Press LLC},
    title = {{Model-Based Predictive Control: A Practical Approach}},
    year = {2004}
}

@ARTICLE{Kouvaritakis-1992,
author={Kouvaritakis, B. and Rossiter, J.A. and Chang, A.O.T.},
journal={Control Theory and Applications, IEEE Proceedings D},
title={Stable generalised predictive control: an algorithm with guaranteed stability},
year={1992},
month={Jul},
volume={139},
number={4},
pages={349-362},
keywords={polynomials;predictive control;stability;computational burden;generalised predictive control;polynomial operators;robust stability margins;stabilising feedback controller;stability},
ISSN={0143-7054},}

%institution = {Linköping University, Automatic Control},

@phdthesis{Lofberg-2003,
author = {L{\"o}fberg, Johan},
institution = {Linköping University, The Institute of Technology},
pages = {196},
publisher = {University},
school = {Linköping University, Automatic Control, The Institute of Technology},
title = {Minimax Approaches to Robust Model Predictive Control},
series = {Linköping Studies in Science and Technology. Dissertations},
number = {812},
year = {2003}
}

@book{Zhang-1999,
   title = "Matrix theory : basic results and techniques",
   author = "Zhang, Fuzhen",
   series = "Universitext",
   publisher = "Springer",
   address = "New York",
   url = "http://opac.inria.fr/record=b1099896",
   isbn = "0-387-98696-0",
   year = 1999
}

@BOOK{Boyd-1994,
        AUTHOR             = {S. Boyd and L. {El~{G}haoui} and E.
                              Feron and V. Balakrishnan},
        ADDRESS            = {Philadelphia, PA},
        MONTH              = jun,
        PUBLISHER          = {{SIAM}},
        SERIES             = {Studies in Applied Mathematics},
        TITLE              = {Linear Matrix Inequalities in System and
                              Control Theory},
        VOLUME             = {15},
        YEAR               = {1994},
        ISBN = {0-89871-334-X}
}

@INPROCEEDINGS{El-Ghaoui-1999,
author={El Ghaoui, L. and Calafiore, G.},
booktitle={American Control Conference, 1999. Proceedings of the 1999},
title={Worst-case state prediction under structured uncertainty},
year={1999},
month={},
volume={5},
pages={3402-3406 vol.5},
keywords={discrete time systems;filtering theory;linear systems;mathematical programming;matrix algebra;state estimation;uncertain systems;discrete-time systems;ellipsoid;linear matrix inequality;linear systems;predictive filter;semidefinite programming;state estimation;structured uncertainty;uncertain systems;Ellipsoids;Filters;Information filtering;Internet;Riccati equations;Robustness;Size measurement;Symmetric matrices;Uncertain systems;Uncertainty},
doi={10.1109/ACC.1999.782396},
ISSN={0743-1619},}


@article{El-Ghaoui-1997,
 author = {Ghaoui, Laurent El and Lebret, Herv{\'e}},
 title = {Robust Solutions to Least-Squares Problems with Uncertain Data},
 journal = {SIAM J. Matrix Anal. Appl.},
 issue_date = {Oct. 1997},
 volume = {18},
 number = {4},
 month = oct,
 year = {1997},
 issn = {0895-4798},
 pages = {1035--1064},
 numpages = {30},
 url = {http://dx.doi.org/10.1137/S0895479896298130},
 doi = {10.1137/S0895479896298130},
 acmid = {273582},
 publisher = {Society for Industrial and Applied Mathematics},
 address = {Philadelphia, PA, USA},
 keywords = {ill-conditioned problem, least-squares problems, regularization, robust identification, robust interpolation, robustness, second-order cone programming, semidefinite programming, uncertainty},
} 

@book{Boyd-2004,
 author = {Boyd, Stephen and Vandenberghe, Lieven},
 title = {Convex Optimization},
 year = {2004},
 isbn = {0521833787},
 publisher = {Cambridge University Press},
 address = {New York, NY, USA},
} 

@article{Kothare-1996,
title = "Robust constrained model predictive control using linear matrix inequalities ",
journal = "Automatica ",
volume = "32",
number = "10",
pages = "1361 - 1379",
year = "1996",
note = "",
issn = "0005-1098",
doi = "http://dx.doi.org/10.1016/0005-1098(96)00063-5",
url = "http://www.sciencedirect.com/science/article/pii/0005109896000635",
author = "Mayuresh V. Kothare and Venkataramanan Balakrishnan and Manfred Morari",
keywords = "Model predictive control",
keywords = "linear matrix inequalities",
keywords = "convex optimization",
keywords = "multivariable control systems",
keywords = "state-feedback",
keywords = "on-line operation",
keywords = "robust control",
keywords = "robust stability",
keywords = "time-varying systems "
}

@ARTICLE{Pena-2007,
author={de la Pena, D.M. and Alamo, T. and Ramirez, D.R. and Camacho, E.F.},
journal={Control Theory Applications, IET},
title={Min-max model predictive control as a quadratic program},
year={2007},
month={January},
volume={1},
number={1},
pages={328-333},
keywords={linear systems;minimax techniques;predictive control;quadratic programming;uncertain systems;bounded additive uncertainties;constrained linear systems;continuous piecewise affine function;controller;geometrical methods;min-max model predictive control;min-max optimisation problem;multi-parametric techniques;multiparametric quadratic program;quadratic cost functions;state vector},
doi={10.1049/iet-cta:20060016},
ISSN={1751-8644},}

@INPROCEEDINGS{Campo-1987,
author={Campo, Peter J. and Morari, M.},
booktitle={American Control Conference, 1987},
title={Robust Model Predictive Control},
year={1987},
month={June},
pages={1021-1026},
keywords={Chemical engineering;Chemical technology;Error correction;Linear systems;Minimax techniques;Predictive control;Predictive models;Robust control;Robustness;Uncertainty},}

@INPROCEEDINGS{Lofberg-2002,
author={L{\"o}fberg, J},
booktitle={Proceedings of the 15th IFAC World Congress, 2002},
title={Minimax {{MPC}} for systems with uncertain gain},
year={2002},
month={July},
pages={614-614},
keywords={},}


@book{Isidor-1995,
 author = {Isidori, Alberto},
 editor = {Thoma, M. and Sontag, E. D. and Dickinson, B. W. and Fettweis, A. and Massey, J. L. and Modestino, J. W.},
 title = {Nonlinear Control Systems},
 year = {1995},
 isbn = {3540199160},
 edition = {3rd},
 publisher = {Springer-Verlag New York, Inc.},
 address = {Secaucus, NJ, USA},
} 

@ARTICLE{Sarunic-2014,
author={Sarunic, P. and Evans, R.},
journal={Aerospace and Electronic Systems, IEEE Transactions on},
title={Hierarchical model predictive control of {{UAV}s} performing multitarget-multisensor tracking},
year={2014},
month={July},
volume={50},
number={3},
pages={2253-2268},
keywords={adaptive control;aerospace components;aircraft control;autonomous aerial vehicles;multi-robot systems;predictive control;sensor fusion;stability;target tracking;trajectory control;adaptive trajectory control;autonomous {UAV} team;autonomous unmanned aerial vehicle team;computational complexity;emitter localization error minimization;enemy emitter detection;enemy emitter tracking;fixed-wing aircraft model;hierarchical {MPC} algorithm;hierarchical model predictive control algorithm;long-term goals;multitarget-multisensor tracking;myopic control approach;no-fly zone avoidance;physically implementable method;radar-carrying platforms;short-term goals;suboptimal solution;system stability;Aerospace electronics;Dynamic programming;Optimization;Radar tracking;Sensors;Trajectory},
doi={10.1109/TAES.2014.120780},
ISSN={0018-9251},}

@ARTICLE{ZhangL-1999, 
author={Liqian Zhang and Lam, J. and QingLing Zhang}, 
journal={Automatic Control, IEEE Transactions on}, 
title={Lyapunov and Riccati equations of discrete-time descriptor systems}, 
year={1999}, 
month={Nov}, 
volume={44}, 
number={11}, 
pages={2134-2139}, 
keywords={Lyapunov matrix equations;Riccati equations;discrete time systems;observability;reachability analysis;stability;state feedback;Riccati equations;causal descriptor systems;discrete-time descriptor systems;generalized Lyapunov equations;noncausal descriptor systems;observability;positive definite solutions;reachability;state-feedback stabilization problem;Adaptive control;Automatic control;Delay effects;Optimal control;Polymers;Process control;Programmable control;Riccati equations;Robust control;Robustness}, 
doi={10.1109/9.802931}, 
ISSN={0018-9286},}


@INPROCEEDINGS{Merten-2012,
author={Merten, Matthias and Bley, Andreas and Schroeter, Christof and Gross, Horst-Michael},
booktitle={Robotics; Proceedings of ROBOTIK 2012; 7th German Conference on},
title={A mobile robot platform for socially assistive home-care applications},
year={2012},
pages={1-6},
keywords={Batteries;Cameras;Collision avoidance;Mobile robots;Robot vision systems},
month={May},}

%quadrotor
@INPROCEEDINGS{Suicmez-2014, 
author={E. C. Suicmez and A. T. Kutay}, 
booktitle={Unmanned Aircraft Systems (ICUAS), 2014 International Conference on}, 
title={Optimal path tracking control of a quadrotor {UAV}}, 
year={2014}, 
pages={115-125}, 
doi={10.1109/ICUAS.2014.6842246}, 
month={May},}

@inproceedings{Abdolhosseini-2012,
 author = {M. Abdolhosseini and Y.M. Zhang and C.A. Rabbath},
 title = {Trajectory Tracking with Model Predictive Control for an Unmanned Quad-rotor Helicopter: Theory and Flight Test Results},
 booktitle = {Proceedings of the 5th International Conference on Intelligent Robotics and Applications - Volume Part I},
 year = {2012},
 location = {Montreal, QC, Canada},
 pages = {411-420},
 publisher = {Springer-Verlag},
 address = {Berlin, Heidelberg},
 keywords = {model predictive control ({MPC}), offset-free tracking, quad-rotor helicopter, trajectory tracking},
} 

@INPROCEEDINGS{Nemati-2014,
author={A. Nemati and M. Kumar},
booktitle={2014 American Control Conference},
title={Modeling and control of a single axis tilting quadcopter},
year={2014},
pages={3077-3082},
keywords={PD control;attitude control;control system synthesis;helicopters;position control;vehicle dynamics;PD controller design;actuated controls;flying modes;hovering modes;navigation capability;orientation control;over-actuated flying vehicle;position control;quadrotor aerial vehicle;rotor tilt-angle;single axis tilting quadcopter control;single axis tilting quadcopter modeling;tilting rotor quadcopter dynamic model;vehicle orientation angle;Equations;Mathematical model;Propellers;Rotors;Trajectory;Vehicle dynamics;Vehicles;Control applications;Flight control;Modeling and simulation},
doi={10.1109/ACC.2014.6859328},
ISSN={0743-1619},
month={June},}


@INPROCEEDINGS{Cao-2016, 
author={G. Cao and E. M. K. Lai and F. Alam}, 
booktitle={2016 2nd International Conference on Control, Automation and Robotics (ICCAR)}, 
title={Gaussian Process Model Predictive Control of unmanned quadrotors}, 
year={2016}, 
pages={200-206}, 
keywords={Gaussian processes;autonomous aerial vehicles;fuzzy control;helicopters;mobile robots;neurocontrollers;optimisation;predictive control;sampled data systems;trajectory control;GP models;Gaussian process model predictive control;{MPC} scheme;artificial neural networks;fuzzy models;optimization process;sampled data;trajectory tracking problem;unknown dynamical motion modelling;unmanned quadrotors;Computational modeling;Mathematical model;Numerical models;Optimal control;Optimization;Predictive models;Uncertainty;Gaussian process;model predictive control;quadrotor control}, 
doi={10.1109/ICCAR.2016.7486726}, 
month={April},}


@ARTICLE{Hafez-2015,
author={Hafez, A.T. and Marasco, A.J. and Givigi, S.N. and Iskandarani, M. and Yousefi, S. and Rabbath, C.A.},
journal={ IEEE Transactions on Control Systems Technology},
title={Solving Multi-{{UAV}} Dynamic Encirclement via Model Predictive Control},
year={2015},
month={},
volume={PP},
number={99},
pages={1-1},
keywords={Autonomous robotics;cooperative robotics;dynamic encirclement tactic;model predictive control ({MPC}).},
doi={10.1109/TCST.2015.2411632},
ISSN={1063-6536},}



@INPROCEEDINGS{Hernandez-2015,
author={Renato Ventura Bayan Henriques and E.G. Hernandez-Martinez and G. Fernandez-Anaya and E.D. Ferreira and J.J. Flores-Godoy and A. Lopez-Gonzalez},
booktitle={11th IFAC Symposium on Robot Control},
title={Trajectory Tracking of a Quadcopter {UAV} with Optimal Translational Control},
year={2015},
pages={226 - 231},
month={August}}




@INPROCEEDINGS{Ribeiro-2015,
author={Tiago T. Ribeiro and André G.S. Conceição and Inkyu Sa and Peter Corke},
booktitle={11th IFAC Symposium on Robot Control},
title={Nonlinear Model Predictive Formation Control for Quadcopters},
year={2015},
pages={39-44},
keywords={autonomous aerial vehicles;control engineering computing;cryptography;mobile communication;networked control systems;{UAV};WNCS;active attacks;aerial robot;cryptography;latency balancing;passive attacks;remote control;remote functionality;secure multihop communication link;security vulnerabilities;throughput balancing;unmanned aerial vehicles;wireless broadcast;wireless networked control systems;wireless secure communication link;Communication system security;Correlation;Mathematical model;Predictive models;Security;Throughput;Wireless communication;Latency;Security;Throughput;Unmanned Aerial Vehicles;Wireless},
month={August}}



@INPROCEEDINGS{Ramana-2016,
author={M.V. Ramana and S. Aditya Varma and Mangal Kothari},
booktitle={4th IFAC Conference on Advances in Control and Optimization of Dynamical Systems},
title={Motion Planning for a Fixed-Wing {UAV} in Urban Environments},
year={2016},
pages={419 - 4249},
keywords={autonomous aerial vehicles;control engineering computing;cryptography;mobile communication;networked control systems;{UAV};WNCS;active attacks;aerial robot;cryptography;latency balancing;passive attacks;remote control;remote functionality;secure multihop communication link;security vulnerabilities;throughput balancing;unmanned aerial vehicles;wireless broadcast;wireless networked control systems;wireless secure communication link;Communication system security;Correlation;Mathematical model;Predictive models;Security;Throughput;Wireless communication;Latency;Security;Throughput;Unmanned Aerial Vehicles;Wireless},
doi={10.1109/CYBConf.2015.7175929},
month={February}}



@INPROCEEDINGS{Sparrow-2015,
author={R. D. Sparrow and A. A. Adekunle and R. J. Berry and R. J. Farnish},
booktitle={Cybernetics (CYBCONF), 2015 IEEE 2nd International Conference on},
title={Balancing throughput and latency for an aerial robot over a wireless secure communication link},
year={2015},
pages={184-189},
keywords={autonomous aerial vehicles;control engineering computing;cryptography;mobile communication;networked control systems;{UAV};WNCS;active attacks;aerial robot;cryptography;latency balancing;passive attacks;remote control;remote functionality;secure multihop communication link;security vulnerabilities;throughput balancing;unmanned aerial vehicles;wireless broadcast;wireless networked control systems;wireless secure communication link;Communication system security;Correlation;Mathematical model;Predictive models;Security;Throughput;Wireless communication;Latency;Security;Throughput;Unmanned Aerial Vehicles;Wireless},
doi={10.1109/CYBConf.2015.7175929},
month={June}}


@INPROCEEDINGS{Kouz-2015,
author={David Muñoz de la Peña and Daniel Limón and D. Kouzoupis and R. Quirynen and J.V. Frasch and M. Diehl},
booktitle={5th IFAC Conference on Nonlinear Model Predictive Control},
title={Block Condensing for Fast Nonlinear {MPC} with the Dual Newton Strategy},
year={2015},
pages={26 - 31},
month={September}}

@INPROCEEDINGS{Kurik-2015,
author={Y. Kuriki and T. Namerikawa},
booktitle={Control Conference (ECC), 2015 European},
title={Formation control with collision avoidance for a multi-{UAV} system using decentralized {MPC} and consensus-based control},
year={2015},
pages={3079-3084},
keywords={autonomous aerial vehicles;collision avoidance;cooperative systems;decentralised control;mobile robots;multi-robot systems;optimisation;predictive control;collision avoidance;consensus-based control;cooperative formation control strategy;decentralized {MPC};decentralized model predictive control;multi{UAV} system;multiunmanned aerial vehicle system;optimization problems;trajectory tracking;Heuristic algorithms;Linear matrix inequalities;Optimal control;Optimization;Prediction algorithms;Rotors;Trajectory},
doi={10.1109/ECC.2015.7331006},
month={July},}

@INPROCEEDINGS{Chao-2011b,
author={Zhou Chao and Lei Ming and Zhou Shaolei and Zhang Wenguang},
booktitle={International Conference on Electronics, Communications and Control (ICECC)},
title={Collision-free {{UAV}} formation flight control based on nonlinear{{MPC}}},
year={2011},
pages={1951-1956},
keywords={aerospace simulation;aircraft control;collision avoidance;control system synthesis;convergence;nonlinear control systems;predictive control;quadratic programming;remotely operated vehicles;tracking;collision free {UAV} formation flight controller;control input saturation;cost function;filter SQP method;intervehicle collision avoidance;model predictive control;nonlinear {MPC};nonlinear optimization problem;relative distance;tracking error;unmanned aerial vehicle;velocity orientation;virtual reference point method;Collision avoidance;Cost function;Filtering algorithms;Predictive models;Trajectory;Vehicles;formation flight;nonlinear model predictive control;obstacle avoidance;priority strategy;virtual reference point},
doi={10.1109/ICECC.2011.6066578},
month={Sep},}

@ARTICLE{Park-2015,
author={J. Park and S. Karumanchi and K. Iagnemma},
journal={IEEE Transactions on Robotics},
title={Homotopy-Based Divide-and-Conquer Strategy for Optimal Trajectory Planning via Mixed-Integer Programming},
year={2015},
volume={31},
number={5},
pages={1101-1115},
keywords={collision avoidance;integer programming;predictive control;trajectory optimisation (aerospace);MIQP;cell-decomposition method;homotopic trajectory planning;homotopy identification;homotopy-based divide-and-conquer strategy;linear model-predictive control;local trajectory generation problem;mixed-integer programming;mixed-integer quadratic programming;nonconvex collision-free constraint;obstacle-avoidance problem;optimal trajectory planning;optimization;path homotopy;Computational modeling;Navigation;Planning;Robots;Search problems;Trajectory;Vehicles;Mixed-integer programming (MIP);model-predictive control ({MPC});motion control;nonholonomic motion planning},
doi={10.1109/TRO.2015.2459373},
ISSN={1552-3098},
month={Oct},}

@INPROCEEDINGS{Deits-2015,
author={Deits, R. and Tedrake, R.},
booktitle={IEEE International Conference on Robotics and Automation (ICRA)},
title={Efficient mixed-integer planning for {{UAV}}s in cluttered environments},
year={2015},
pages={42-49},
keywords={autonomous aerial vehicles;collision avoidance;convex programming;greedy algorithms;integer programming;piecewise polynomial techniques;Drake toolbox;IRIS;Matlab;SOS programming;{UAV};cluttered environments;convex constraint;convex region;dynamical model;global optimum;greedy convex segmentation;integer variables;knot points;mixed integer optimization;mixed integer planning;obstacle avoidance;obstacle free;piecewise polynomial trajectory;quadrotor;safe space;smooth trajectory;sum of square programming;unmanned aerial vehicle;Collision avoidance;Iris;Linear programming;Optimization;Planning;Polynomials;Trajectory},
doi={10.1109/ICRA.2015.7138978},
month={May},}

@ARTICLE{Bemporad-2016,
author={A. Bemporad},
journal={IEEE Transactions on Automatic Control},
title={A Quadratic Programming Algorithm Based on Nonnegative Least Squares With Applications to Embedded Model Predictive Control},
year={2016},
volume={61},
number={4},
pages={1111-1116},
keywords={arithmetic;convex programming;iterative methods;least squares approximations;linear systems;number theory;predictive control;quadratic programming;LDLT decompositions;LDP;{MPC};NNLS reformulation;QP problems;arithmetic operations;convex quadratic programming problems;finite number;iterative methods;least distance problem;linear inequality constraints;linear systems;model predictive control;nonnegative least squares;Linear systems;MATLAB;Matrix decomposition;Prediction algorithms;Predictive control;Quadratic programming;Active set methods;Model predictive control;Nonnegative least squares;Quadratic programming;model predictive control;nonnegative least squares;quadratic programming},
doi={10.1109/TAC.2015.2459211},
ISSN={0018-9286},
month={Apr},}

@ARTICLE{Barros-2015, 
author={S. R. Barros dos Santos and S. N. Givigi and C. L. Nascimento}, 
journal={IEEE Systems Journal}, 
title={Autonomous Construction of Multiple Structures Using Learning Automata: Description and Experimental Validation}, 
year={2015}, 
volume={9}, 
number={4}, 
pages={1376-1387}, 
keywords={autonomous aerial vehicles;construction industry;industrial robots;learning (artificial intelligence);learning automata;mobile robots;motion control;path planning;RL;adaptive scheme;assembly mode algorithms;assembly planning;autonomous construction system;construction task planning;learning automata;mobile robots;motion planning;path tracking control;quadrotor;reinforcement learning;user-specified 3D structures;Assembly;Games;Learning automata;Planning;Service robots;Training;Aerial manipulation;quadrotor;reinforcement learning (RL);robotic assembly;stochastic learning automata (LA)}, 
doi={10.1109/JSYST.2014.2374334}, 
ISSN={1932-8184}, 
month={Dec},}

@book{Narendra-1989,
 author = {Narendra, Kumpati S. and Thathachar, Mandayam A. L.},
 title = {Learning Automata: An Introduction},
 year = {1989},
 isbn = {0-13-485558-2},
 publisher = {Prentice-Hall, Inc.},
 address = {Upper Saddle River, NJ, USA},
} 


@ONLINE{Quanser-2016,
author = {Quanser},
title = {Qball 2 Production Information},
year = {2016},
month = {Sep},
url = {http://www.quanser.com/products/qball2}
}


@book{Quanser-2015,
 author = {Quanser},
 title = {User Manual Qball 2 for {QUARC}: Set Up and Configuration},
 year = {2015},
 publisher = {Quanser, Inc.},
 address = {Markham, ON, Canada},
} 

%NOTE: headings are for the first mention of this source

@book{thathachar:2004,
	author = {Thathachar, M. A. L. and Sastry, P. S.},
	title = {Networks of Learning Automata: Techniques for Online Stochastic Optimization},
	year = {2004},
	publisher = {Kluwer Academic Publishers},
	address = {New York, NY, USA},
}

% INTRODUCTION

@book{Siegwart:2004,
	author = {Siegwart, Roland and Nourbakhsh, Illah R.},
	title = {Introduction to Autonomous Mobile Robots},
	year = {2004},
	isbn = {026219502X},
	publisher = {Bradford Company},
	address = {Scituate, MA, USA},
} 

@book{Camacho:1999,
	address = {Berlin Heidelberg},
	author = {Camacho, Eduardo F. and Bordons, Carlos},
	publisher = {Springer-{V}erlag},
	title = {Model predictive control},
	year = 1999
}

@article {liu:2017,
	author = {Liu, Wei and Zhang, Hongwei and Yu, Kaijiang and Tan, Xingguo},
	title = {Optimal linear filtering for networked systems with communication constraints, fading measurements, and multiplicative noises},
	journal = {International Journal of Adaptive Control and Signal Processing},
	volume = {31},
	number = {7},
	publisher = {John Wiley & Sons, Ltd},
	issn = {1099-1115},
	url = {http://dx.doi.org/10.1002/acs.2745},
	doi = {10.1002/acs.2745},
	pages = {1019--1039},
	keywords = {optimal filtering, networked systems, communication constraints, fading measurements, multiplicative noises},
	year = {2017}
}

@article {pliego:2017,
	author = {Pliego-Jimenez, Javier and Arteaga-Perez, Marco},
	title = {On the adaptive control of cooperative robots with time-variant holonomic constraints},
	journal = {International Journal of Adaptive Control and Signal Processing},
	volume = {31},
	number = {8},
	issn = {1099-1115},
	url = {http://dx.doi.org/10.1002/acs.2758},
	doi = {10.1002/acs.2758},
	pages = {1217--1231},
	keywords = {adaptive control, cooperative robots, force control, holonomic constraints},
	year = {2017}
}

@ARTICLE{li:2016, 
	author={Z. Li and C. Yang and C. Y. Su and J. Deng and W. Zhang}, 
	journal={IEEE Transactions on Control Systems Technology}, 
	title={Vision-Based Model Predictive Control for Steering of a Nonholonomic Mobile Robot}, 
	year={2016}, 
	volume={24}, 
	number={2}, 
	pages={553-564}, 
	keywords={convex programming;mobile robots;motion control;neurocontrollers;predictive control;quadratic programming;robot dynamics;robot kinematics;robot vision;stability;visual servoing;wheels;WMR;control design;control scheme;dynamics constraint;dynamics level;dynamics predictive controller;formulated convex programming problem;guaranteed stability;kinematics constraint;kinematics level;kinematics predictive steering controller;low-level motion controller;neurodynamic optimization technique;nonholonomic mobile robot;optimal performance;polar coordinate;primal-dual neural network;quadratic programming;vision-based model predictive control;visual servo-based model predictive control method;wheeled mobile robot;Cameras;Kinematics;Mobile robots;Neural networks;Nuclear magnetic resonance;Optimization;Visualization;Model predictive control (MPC);neurodynamics;nonholonomic mobile robots (NMRs);quadratic programming (QP);visual servo steering;visual servo steering.}, 
	doi={10.1109/TCST.2015.2454484}, 
	ISSN={1063-6536}, 
	month={March},}

@article{garriga:2010,
	author = {Garriga, Jorge L. and Soroush, Masoud},
	title = {Model Predictive Control Tuning Methods: A Review},
	journal = {Industrial \& Engineering Chemistry Research},
	volume = {49},
	number = {8},
	pages = {3505-3515},
	year = {2010},
	doi = {10.1021/ie900323c},
	
	URL = { 
	http://dx.doi.org/10.1021/ie900323c
	
	},
	eprint = { 
	http://dx.doi.org/10.1021/ie900323c
	
	}	
}

@article{wojsznis:2003,
	title = "Practical approach to tuning MPC* *Based on Practical Approach to Tuning MPC by Wojsznis, Gudaz, Mehta, and Blevins, published in the Proceedings of the ISA 2001 Conference, September 10-13, 2001, Houston, TX [11].",
	journal = "ISA Transactions",
	volume = "42",
	number = "1",
	pages = "149 - 162",
	year = "2003",
	issn = "0019-0578",
	doi = "https://doi.org/10.1016/S0019-0578(07)60121-9",
	url = "http://www.sciencedirect.com/science/article/pii/S0019057807601219",
	author = "Willy Wojsznis and John Gudaz and Terry Blevins and Ashish Mehta",
	keywords = "Model predictive control",
	keywords = "Dynamic matrix control",
	keywords = "MPC tuning",
	keywords = "Reference trajectory",
	keywords = "Penalties on moves"
}

@article{maurath:1988,
	author = {Maurath, Paul R. and Laub, Alan J. and Seborg, Dale E. and Mellichamp, Duncan A.},
	title = {Predictive controller design by principal components analysis},
	journal = {Industrial \& Engineering Chemistry Research},
	volume = {27},
	number = {7},
	pages = {1204-1212},
	year = {1988},
	doi = {10.1021/ie00079a020},
	
	URL = { 
	http://dx.doi.org/10.1021/ie00079a020
	
	},
	eprint = { 
	http://dx.doi.org/10.1021/ie00079a020
	
	}	
}

@INPROCEEDINGS{han:2006, 
	author={Kai Han and Jun Zhao and Jixin Qian}, 
	booktitle={2006 6th World Congress on Intelligent Control and Automation}, 
	title={A Novel Robust Tuning Strategy for Model Predictive Control}, 
	year={2006}, 
	volume={2}, 
	number={}, 
	pages={6406-6410}, 
	keywords={minimax techniques;performance index;predictive control;robust control;uncertain systems;control horizon;min-max algorithm;model predictive control;model uncertainty;online computation;performance index;prediction horizon;robust tuning;Algorithm design and analysis;Industrial control;Modeling;Performance analysis;Predictive control;Predictive models;Robust control;Robustness;Systems engineering and theory;Uncertainty;MPC;Min-Max optimization;PSO;autotuning;performance index}, 
	doi={10.1109/WCICA.2006.1714318}, 
	ISSN={}, 
	month={},}

@INPROCEEDINGS{suzuki:2007, 
	author={R. Suzuki and F. Kawai and H. Ito and C. Nakazawa and Y. Fukuyama and E. Aiyoshi}, 
	booktitle={2007 IEEE Swarm Intelligence Symposium}, 
	title={Automatic Tuning of Model Predictive Control Using Particle Swarm Optimization}, 
	year={2007}, 
	volume={}, 
	number={}, 
	pages={221-226}, 
	keywords={particle swarm optimisation;predictive control;tuning;automatic tuning method;model predictive control;particle swarm optimization;Aerodynamics;Automatic control;Industrial control;Inverse problems;Particle swarm optimization;Predictive control;Predictive models;Three-term control;Tuning;Vehicle dynamics}, 
	doi={10.1109/SIS.2007.367941}, 
	ISSN={}, 
	month={April},}

@article{vanderlee:2008,
	title = "A tuning algorithm for model predictive controllers based on genetic algorithms and fuzzy decision making",
	journal = "ISA Transactions",
	volume = "47",
	number = "1",
	pages = "53 - 59",
	year = "2008",
	issn = "0019-0578",
	doi = "https://doi.org/10.1016/j.isatra.2007.06.003",
	author = "J.H. van der Lee and W.Y. Svrcek and B.R. Young",
	keywords = "Genetic algorithms",
	keywords = "Multi-objective fuzzy decision-making",
	keywords = "Auto-tuning",
	keywords = "Model predictive control"
}

@inproceedings{jardine:2017:IFAC, 
	author={Peter Travis Jardine and Sidney Givigi and Shahram Yousefi}, 
	booktitle={20th World Congress The International Federation of Automatic Control}, 
	title={Parameter Tuning for Prediction-based Quadcopter Trajectory Planning using Learning Automata}, 
	volume={},
	series={},
	year={2017}, 
	pages={2377-2382},  
	month={July},}

@INPROCEEDINGS{cabral:2017, 
	author={K. M. Cabral and S. R. B. dos Santos and S. N. Givigi and C. L. Nascimento}, 
	booktitle={2017 Annual IEEE International Systems Conference (SysCon)}, 
	title={Design of model predictive control via learning automata for a single UAV load transportation}, 
	year={2017}, 
	volume={}, 
	number={}, 
	pages={1-7}, 
	keywords={autonomous aerial vehicles;control system synthesis;helicopters;learning automata;nonlinear control systems;predictive control;trajectory optimisation (aerospace);transportation;autonomous aerial robots;learning automata;load characteristics;load conditions;load handling;nonlinear model predictive control design;nonlinear quadrotor;optimized trajectory tracking;robust innovative control strategy;single UAV load transportation system;tracking error minimization;under-actuated features;weighting parameter selection;Acceleration;Control systems;Linear programming;Load modeling;Unmanned aerial vehicles;Vehicle dynamics}, 
	doi={10.1109/SYSCON.2017.7934800}, 
	ISSN={}, 
	month={April},}

@INPROCEEDINGS{he:2005, 
	author={Shouling He}, 
	booktitle={ICAR '05. Proceedings., 12th International Conference on Advanced Robotics, 2005.}, 
	title={Feedback control design of differential-drive wheeled mobile robots}, 
	year={2005}, 
	volume={}, 
	number={}, 
	pages={135-140}, 
	keywords={MIMO systems;control system synthesis;feedback;linearisation techniques;mobile robots;nonlinear control systems;approximate feedback linearization;control system design;differential-drive wheeled mobile robots;feedback control design;nonlinear multiinput multioutput system;Control design;Control systems;Feedback control;Linear approximation;Linear feedback control systems;Mobile robots;Robot kinematics;Stability;State feedback;Wheels}, 
	doi={10.1109/ICAR.2005.1507403}, 
	ISSN={}, 
	month={July},}

@ARTICLE{zadeh:1962, 
	author={L. Zadeh and B. Whalen}, 
	journal={IRE Transactions on Automatic Control}, 
	title={On optimal control and linear programming}, 
	year={1962}, 
	volume={7}, 
	number={4}, 
	pages={45-46}, 
	keywords={Adaptive control;Automatic control;Books;Control systems;Equations;Linear programming;Optimal control;Vectors}, 
	doi={10.1109/TAC.1962.1105469}, 
	ISSN={0096-199X}, 
	month={Jul},}

@ARTICLE{wang:2016, 
	author={R. Wang and H. Jing and C. Hu and F. Yan and N. Chen}, 
	journal={IEEE Transactions on Intelligent Transportation Systems}, 
	title={Robust $H_{infty}$ Path Following Control for Autonomous Ground Vehicles With Delay and Data Dropout}, 
	year={2016}, 
	volume={PP}, 
	number={99}, 
	pages={1-9}, 
	keywords={Delays;Global Positioning System;Land vehicles;Robustness;Stability analysis;Tires;Robust control;autonomous ground vehicles;data dropout;delay;path following}, 
	ISSN={1524-9050}, 
	month={},}

@ARTICLE{yoon:2015, 
	author={S. Yoon and S. E. Yoon and U. Lee and D. H. Shim}, 
	journal={IEEE Transactions on Intelligent Transportation Systems}, 
	title={Recursive Path Planning Using Reduced States for Car-Like Vehicles on Grid Maps}, 
	year={2015}, 
	volume={16}, 
	number={5}, 
	pages={2797-2813}, 
	keywords={automobiles;collision avoidance;kinematics;road traffic control;vehicle dynamics;autonomous ground vehicle;car-like vehicles;collision-free path generation;grid map;kinematics-aware node expansion method;recursive path planning method;vehicle kinematics;vehicle shape;vehicle turning space;Kinematics;Land vehicles;Path planning;Shape;Space vehicles;Turning;$hbox{A}^{ast}$;A *;car-like vehicle;path planning;turning space}, 
	ISSN={1524-9050}, 
	month={Oct},}

@ARTICLE{shim:2015, 
	author={I. Shim and J. Choi and S. Shin and T. H. Oh and U. Lee and B. Ahn and D. G. Choi and D. H. Shim and I. S. Kweon}, 
	journal={IEEE Transactions on Intelligent Transportation Systems}, 
	title={An Autonomous Driving System for Unknown Environments Using a Unified Map}, 
	year={2015}, 
	volume={16}, 
	number={4}, 
	pages={1999-2013}, 
	keywords={automobiles;collision avoidance;control engineering computing;intelligent transportation systems;mobile robots;pedestrians;2012 Hyundai autonomous ground vehicle competition;autonomous driving system;collision-free paths;future intelligent transportation systems;onboard sensors;pedestrians;prebuilt maps;self-driving cars;traffic laws;traffic signals;traffic signs;unified map;unknown environments;virtual obstacles;Cameras;Detection algorithms;Laser radar;Mobile robots;Roads;Sensors;Vehicles;Autonomous driving system;autonomous vehicle;detection for traffic information;local map representation}, 
	ISSN={1524-9050}, 
	month={Aug},}

@INPROCEEDINGS{jardine:2016, 
	author={P. T. Jardine and S. Givigi}, 
	booktitle={IEEE International Systems Conference 2016}, 
	title={A Predictive Motion Planner for Guidance of Autonomous {UAV} Systems}, 
	year={2016}, 
	pages={}, 
	month={April,},}

@INPROCEEDINGS{jardine:2015, 
	author={P. T. Jardine and S. Givigi and A. Noureldin}, 
	booktitle={Control and Automation (MED), 2015 23th Mediterranean Conference on}, 
	title={Incorporating feedback predictions for optimized {UAV} attack mission planning}, 
	year={2015}, 
	pages={740-746}, 
	keywords={autonomous aerial vehicles;closed loop systems;collision avoidance;feedback;linearisation techniques;military aircraft;optimisation;predictive control;vehicle dynamics;MATLAB;{MPC};{UAV} dynamics;closed-loop feedback predictions;complex enemy defenses;convex optimization problem;dynamic extension;enemy defense avoidance;feedback predictions;finite horizon;ground attack missions;layered enemy defense system;linear inequality constraints;model predictive control;optimized {UAV} attack mission planning;piece-wise affine function;unicycle;unmanned aerial vehicle motion planning;Linear matrix inequalities;Mobile communication;Planning;Stability analysis;Thermal stability;Vehicle dynamics;Vehicles;{MPC};{UAV} ground attack;quadratic program;target tracking}, 
	month={June},}

@ARTICLE{Chunbo:2013, 
	author={Chunbo Luo and McClean, S.I. and Parr, G. and Teacy, L. and De Nardi, R.}, 
	journal={Vehicular Technology, IEEE Transactions on}, 
	title={{UAV} Position Estimation and Collision Avoidance Using the Extended Kalman Filter}, 
	year={2013}, 
	volume={62}, 
	number={6}, 
	pages={2749-2762}, 
	keywords={Global Positioning System;Kalman filters;adaptive estimation;aircraft navigation;autonomous aerial vehicles;collision avoidance;least squares approximations;nonlinear filters;path planning;sensor fusion;signal detection;EKF;GPS signal;Global Positioning System;LS algorithms;RSS-based position estimation;{UAV} flight;{UAV} position estimation;{UAV} predefined trajectory;adaptive estimation algorithm;collision avoidance;colored noise model;constant position awareness;constant positioning problem;data fusion;distance estimation;extended Kalman filter;information collection;least squares algorithms;onboard communication module;orthogonal rule;path-loss factor;path-loss factor estimation;position information;received signal strength;unmanned aerial vehicles;velocity information;Adaptation models;Colored noise;Estimation;Kalman filters;Mathematical model;Wireless communication;Collision avoidance;colored noise;extended Kalman filter (EKF);position estimation}, 
	ISSN={0018-9545}, 
	month={July},}

@ARTICLE{Belkhouche:2013, 
	author={Belkhouche, F.}, 
	journal={Vehicular Technology, IEEE Transactions on}, 
	title={Modeling and Calculating the Collision Risk for Air Vehicles}, 
	year={2013}, 
	volume={62}, 
	number={5}, 
	pages={2031-2041}, 
	keywords={Monte Carlo methods;autonomous aerial vehicles;collision avoidance;mobile robots;nonlinear control systems;probability;risk management;Monte Carlo methods;{UAV};autonomous air vehicles;bearing time rates;collision conditions;collision cone angles time rates;collision risk calculation;collision risk modeling;horizontal planes;nonGaussian noise;nonlinear systems;path planning;uncertainty propagation;unmanned air vehicles;vertical planes;Atmospheric modeling;Equations;Mathematical model;Monte Carlo methods;Risk management;Uncertainty;Vehicles;Collision risk assessment;path planning;probability of collision;unmanned air vehicles ({UAV}s)}, 
	ISSN={0018-9545}, 
	month={Jun},}

@ARTICLE{Zheng-1995, 
author={Zheng, A and Morari, M.}, 
journal={Automatic Control, IEEE Transactions on}, 
title={Stability of model predictive control with mixed constraints}, 
year={1995}, 
month={Oct}, 
volume={40}, 
number={10}, 
pages={1818-1823}, 
keywords={eigenvalues and eigenfunctions;feedback;predictive control;stability;stability criteria;closed unit disk;eigenvalues;finite-dimensional quadratic program;global asymptotic stability;infinitely long output horizon;mixed constraints;model predictive control stability;open loop system;output constraints;output feedback;stability conditions;state feedback;Automatic control;Constraint optimization;Eigenvalues and eigenfunctions;Infinite horizon;Predictive control;Predictive models;Sampling methods;Stability;State estimation;State feedback}, 
doi={10.1109/9.467664}, 
ISSN={0018-9286},}

@book{Thrun-2005,
 author = {Thrun, Sebastian and Burgard, Wolfram and Fox, Dieter},
 title = {Probabilistic Robotics (Intelligent Robotics and Autonomous Agents)},
 year = {2005},
 isbn = {0262201623},
 publisher = {The MIT Press},
} 

%Motivation

@ARTICLE{Sparrow-2009,
author={Sparrow, R.},
journal={IEEE Technology and Society Magazine},
title={Predators or plowshares? {Arms} control of robotic weapons},
year={2009},
month={Mar},
volume={28},
number={1},
pages={25-29},
doi={10.1109/MTS.2009.931862},
ISSN={0278-0097},}

@INPROCEEDINGS{Giese-2013,
author={Giese, S. and Carr, D. and Chahl, J.},
booktitle={Proc. of the IEEE Intelligent Vehicles Symposium (IV) },
title={Implications for unmanned systems research of military {{UAV}} mishap statistics},
year={2013},
month={Jun},
pages={1191-1196},
keywords={autonomous aerial vehicles;human factors;military aircraft;statistics;UGV human factors;United States Air Force;military {UAV} mishap statistics;predator {UAV} mishaps;unmanned aerial vehicle consoles;unmanned aerial vehicle controls;unmanned aerial vehicle mishaps;unmanned ground vehicle human factors;unmanned system research;Aircraft;Australia;Hafnium;Human factors;Military aircraft;Safety;Training},
doi={10.1109/IVS.2013.6629628},
ISSN={1931-0587},}

@unpublished{Janes-2011,
author={{Janes Information Group}.},
journal={Intelligence Briefings},
title={Evolution in Autonomy: Prospects for the Deployment of a New Generation of Armed {{UAV}}s},
url={https://janes-ihs-com.ezproxy.libproxy.db.erau.edu/CustomPages/Janes/DisplayPage.aspx?DocType=Intelligence+Centre+Briefings&ItemId=+++1525709&Pubabbrev=JIBR‎},
year={2011}} 

@ARTICLE{Suresh-2012,
author={Suresh, M. and Ghose, D.},
journal={IEEE Trans. on Aerospace and Electronic Systems},
title={{{UAV}} Grouping and Coordination Tactics for Ground Attack Missions},
year={2012},
month={Jan},
volume={48},
number={1},
pages={673-692},
doi={10.1109/TAES.2012.6129663},
ISSN={0018-9251},}


@ARTICLE{Howard-2014,
author={Howard, T.M. and Pivtoraiko, M. and Knepper, R.A and Kelly, A},
journal={IEEE Robotics Automation Magazine},
title={Model-Predictive Motion Planning: Several Key Developments for Autonomous Mobile Robots},
year={2014},
month={Mar},
volume={21},
number={1},
pages={64-73},
doi={10.1109/MRA.2013.2294914},
ISSN={1070-9932},}


% BACKGROUND
%% Classical Search Techniques
@ARTICLE{Dijkstra-1959,
author={Dijkstra, E.},
journal={Numerische Mathematik},
title={A note on two problems in connexion with graphs},
month={Dec},
year={1959},
volume={1},
pages={269-271},
}

@ARTICLE{Hart-1968,
author={ Hart, P. and Nilsson, N. and Raphael, B.},
journal={IEEE Trans. on Systems Science and Cybernetics},
title={A formal basis for the heuristic determination of minimum cost paths},
month={Jul},
year={1968},
volume={4},
pages={100-107},
}


@INPROCEEDINGS{Fan-2010,
author={Fan, D. and Shi, P.},
booktitle={Proc. of the 7th Int. Conf. Fuzzy Systems and Knowledge Discovery},
title={Improvement of {Dijkstra’s} algorithm and its application in route planning},
month={Aug},
year={2010},
pages={1901-1904},
}


@incollection{Delling-2009,
year={2009},
isbn={978-3-642-02093-3},
booktitle={Algorithmics of Large and Complex Networks},
volume={5515},
series={Lecture Notes in Computer Science},
editor={Lerner, J. and Wagner, D. and Zweig, K.},
doi={10.1007/978-3-642-02094-07},
title={Engineering Route Planning Algorithms},
publisher={Springer-Berlin-Heidelberg},
author={Delling, D. and Sanders, P. and Schultes, D. and Wagner, D.},
pages={117-139}
}

%% Reactive Planning

@book{Choset-2005,
   author = "Howie Choset and Kevin M. Lynch and Seth Hutchinson and George A Kantor and Wolfram Burgard and Lydia E. Kavraki and Sebastian Thrun",
   title = "Principles of Robot Motion: Theory, Algorithms, and Implementations",
   booktitle = "Principles of Robot Motion: Theory, Algorithms, and Implementations",
   publisher = "MIT Press",
   address = "Cambridge, MA",
   month = "Jun",
   year = "2005",
   Notes = "ISBN 0-262-03327-5"
} 

@INPROCEEDINGS{Chen-2013,
author={Xia Chen and Jing Zhang},
booktitle={Proc. of the 5th Int. Conf. on Intelligent Human-Machine Systems and Cybernetics (IHMSC)},
title={The Three-Dimension Path Planning of {{UAV}} Based on Improved Artificial Potential Field in Dynamic Environment},
year={2013},
month={Aug},
volume={2},
pages={144-147},
keywords={autonomous aerial vehicles;optimisation;path planning;{UAV};dynamic environment;improved artificial potential field;path optimization;three-dimension path planning;unmanned aerial vehicle;Electric shock;Force;Heuristic algorithms;Optimization;Path planning;Planning;Vehicle dynamics;3D path planning;{UAV};artificial potential field;path optimization},
doi={10.1109/IHMSC.2013.181},}

@ARTICLE{Fox-1997,
author={Fox, D. and Burgard, W. and Thrun, S.},
journal={IEE Robotics Automation Magazine},
title={The dynamic window approach to collision avoidance},
year={1997},
month={Mar},
volume={4},
number={1},
pages={23-33},
keywords={mobile robots;position control;synchros;0.95 m/s;RHINO;collision avoidance;dynamic window approach;mobile robots;motion dynamics;synchro-drives;Acceleration;Collision avoidance;Humans;Mobile robots;Motion control;Motion planning;Orbital robotics;Robot control;Robot sensing systems;Robotics and automation},
doi={10.1109/100.580977},
ISSN={1070-9932},}

@INPROCEEDINGS{Seder-2005,
author={Seder, M., and Macek, K., and Petrovic, I.},
booktitle={Proc. of the 31st Conf. IEEE Industrial Electronics Society},
title={An integrated approach to real-time mobile robot control in partially known indoor environments},
month={Nov},
year={2005},
pages={1785-1790},
}

@INPROCEEDINGS{Fulgenzi-2007,
    author = {Chiara Fulgenzi and Anne Spalanzani and Christian Laugier},
    title = {Dynamic obstacle avoidance in uncertain environment combining PVOs and occupancy grid},
    booktitle = {Proc. of the IEEE Int. Conf. on Robotics and Automation},
    month={Apr},
    year = {2007},
    pages = {1610--1616}
}


@INPROCEEDINGS{Xu-2010,
author={Bin Xu and Stilwell, D.J. and Kurdila, AJ.},
booktitle={Proc. of the IEEE Int. Conf. on Robotics and Automation (ICRA)},
title={A receding horizon controller for motion planning in the presence of moving obstacles},
year={2010},
month={May},
pages={974-980},
keywords={collision avoidance;road vehicles;time-varying systems;minimal risk motion planning;moving obstacles;path planning;receding horizon controller;time-varying maps;Land vehicles;Level set;Mobile robots;Motion control;Motion planning;Path planning;Remotely operated vehicles;Robotics and automation;Trajectory;Vehicle dynamics},
doi={10.1109/ROBOT.2010.5509741},
ISSN={1050-4729},}

@INPROCEEDINGS{Foka-2003,
author={Foka, AF. and Trahanias, P.E.},
booktitle={Proc. of IEEE/RSJ Int. Conf. on Intelligent Robots and Systems (IROS)},
title={Predictive control of robot velocity to avoid obstacles in dynamic environments},
year={2003},
month={Oct},
volume={1},
pages={370-375 vol.1},
keywords={Markov processes;collision avoidance;mobile robots;predictive control;velocity control;obstacle avoidance;partially observable Markov decision process;predictive control;robot trajectory;robot velocity;velocity control;Computer science;Humans;Motion planning;Navigation;Orbital robotics;Predictive control;Predictive models;Robot control;State-space methods;Trajectory},
doi={10.1109/IROS.2003.1250656},}


%% {MPC} History

%%%surveys of early {MPC} and derivatives
@article{Garcia-1989,
title = "Model predictive control: Theory and practice—A survey ",
journal = "Automatica ",
volume = "25",
number = "3",
pages = "335 - 348",
month = "May",
year = "1989",
note = "",
issn = "0005-1098",
author = "Carlos E. García and David M. Prett and Manfred Morari",

}

@article{Qin-2003,
title = "A survey of industrial model predictive control technology ",
journal = "Control Engineering Practice ",
volume = "11",
number = "7",
pages = "733 - 764",
month = "Dec",
year = "2003",
note = "",
issn = "0967-0661",
author = "S.Joe Qin and Thomas A. Badgwell"
}

%variety of names
@INPROCEEDINGS{Martin-1984,
author={Martin, G},
booktitle={Proc. of the American Control Conf.},
title={{IDCOM} Hierarchical Control of an Oil Refinery Reactor},
month={Jun},
year={1984},
pages={675 - 678},
}

@INPROCEEDINGS{Zhou-2008,
author={Zhou Jun-zhe and Li Xing and Zhu Hai-tang},
booktitle={Proc. of the Control and Decision Conf.},
title={Application and simulation of {DMC} controller in time delay inertial system},
year={2008},
month={Jul},
pages={649-654},
keywords={control engineering computing;delays;inertial systems;predictive control;DMC prediction control;MATLAB;industry process control;time delay inertial system;Control systems;Delay effects;Educational institutions;Electrical equipment industry;Industrial control;Mathematical model;Optimal control;Predictive models;Process control;Three-term control;DMC;PID;Simulation;Time delay inertial system},
doi={10.1109/CCDC.2008.4597394},}

@ARTICLE{DuToit-2012,
author={Du Toit, N.E. and Burdick, J.W.},
journal={IEEE Trans. on Robotics},
title={Robot Motion Planning in Dynamic, Uncertain Environments},
year={2012},
month={Feb},
volume={28},
number={1},
pages={101-115},
doi={10.1109/TRO.2011.2166435},
ISSN={1552-3098},}



%% more comprehensive {MPC} theory (2 good surveys)
@INBOOK{Bemporad-1999,
year={1999},
isbn={978-1-85233-179-5},
booktitle={Robustness in identification and control},
volume={245},
series={Lecture Notes in Control and Information Sciences},
editor={Garulli, A. and Tesi, A.},
doi={10.1007/BFb0109870},
title={Robust model predictive control: A survey},
publisher={Springer London},
author={Bemporad, A. and Morari, M.},
pages={207-226}
}

@article{Mayne-2000,
title = {Constrained model predictive control: Stability and optimality },
journal = {Automatica},
volume = {36},
number = {6},
pages = {789 - 814},
month={Jun},
year = {2000},
author = {D.Q. Mayne and J.B. Rawlings and C.V. Rao and P.O.M. Scokaert},
}


%%%General sources that illustrate strengths of {MPC}
@article{Yan-2005,
title = {Incorporating state estimation into model predictive control and its application to network traffic control},
journal = {Automatica},
volume = {41},
number = {4},
pages = {595 - 604},
month={Apr},
year = {2005},
issn = {0005-1098},
doi = {http://dx.doi.org/10.1016/j.automatica.2004.11.022},
author = {Jun Yan and Robert R. Bitmead},
}



@inproceedings{Kuwata-2005, 
	address = {San Francisco, CA},
	author = {Y. Kuwata and T. Schouwenaars and A. Richards and J. P. How},
	booktitle = {Proc. of the AIAA Guidance, Navigation, and Control Conf. (GNC)},
	keywords = {MILP, {UAV}, R{MPC}; path planning},
	month = {Aug},
	title = {Robust Constrained Receding Horizon Control for Trajectory Planning},
	year = {2005 (AIAA-2005-6079)}
}


@misc{Balandat-2010,
  author = {Balandat, M.},
  title = {Constrained Robust Optimal Trajectory Tracking: Model Predictive Control Approaches},
  school = {Darmstadt University of Technology},
  year = {2010},
  howpublished = {Diploma Thesis, Technische Universität Darmstadt}
}

%%% LQR 

@article{Costanza-2013,
month={Feb},
year={2013},
issn={0101-8205},
journal={Computational and Applied Mathematics},
volume={32},
number={2},
doi={10.1007/s40314-013-0025-7},
title={Optimal saturated feedback laws for {LQR} problems with bounded controls},
publisher={SP Birkhäuser Verlag Basel},
keywords={Optimal control; Constrained controls; Linear-quadratic problem; Primary 93C10; Secondary 49N10},
author={Costanza, Vicente and Rivadeneira, PabloS.},
pages={355-371},
language={English}
}



@INPROCEEDINGS{Torchani-2011,
author={Torchani, B. and Sellami, A and M'hiri, R. and Garcia, G.},
booktitle={Proc. of the Int. Conf. on Communications, Computing and Control Applications (CCCA)},
title={Comparative analysis of the saturated sliding mode and {LQR} controllers applied to an inverted pendulum},
year={2011},
month={Mar},
pages={1-6},
keywords={control system analysis;control system synthesis;linear quadratic control;linear systems;motion control;nonlinear control systems;variable structure systems;LQR controllers;SMC;design methodology;horizontal motion;inverted pendulum;linear quadratic regulator;linear saturated systems;saturated sliding mode analysis;saturation constraint;sliding mode control;Equations;Mathematical model;Regulators;Robustness;Sliding mode control;State feedback;LQR regulator;Robustness;Saturation;Sliding Mode Control;Variable Structure Control},
doi={10.1109/CCCA.2011.6031470},}

%%% Faster {MPC}
@ARTICLE{Wang-2010,
author={Yang Wang and Boyd, S.},
journal={IEEE Trans. on Control Systems Technology},
title={Fast Model Predictive Control Using Online Optimization},
year={2010},
month={Mar},
volume={18},
number={2},
pages={267-278},
keywords={control engineering computing;optimisation;predictive control;table lookup;lookup table;model predictive control;online optimization;slow dynamics;Model predictive control ({MPC});real-time convex optimization},
doi={10.1109/TCST.2009.2017934},
ISSN={1063-6536},}

%% QP formulation
@INPROCEEDINGS{BemporadFilippi-2001,
author={Bemporad, A. and Filippi, C.},
booktitle={ Proc. of the 40th IEEE Conf. on Decision and Control},
title={Suboptimal explicit {{MPC}} via approximate multiparametric quadratic programming},
month={Dec},
year={2001},
month={},
volume={5},
pages={4851-4856 vol.5},
keywords={discrete time systems;linear systems;predictive control;quadratic programming;vectors;approximate multiparametric quadratic programming;approximate solutions;degree of approximation;discrete-time linear time invariant system;linear constraints;optimization problem;parameter space;piecewise affine function;polyhedral cells;suboptimal explicit model predictive control;Automatic control;Constraint optimization;Optimal control;Performance analysis;Piecewise linear approximation;Piecewise linear techniques;Predictive control;Predictive models;Quadratic programming;Vectors},
doi={10.1109/.2001.980975},}

@article{Tondel-2003,
title = "An algorithm for multi-parametric quadratic programming and explicit {{MPC}} solutions ",
journal = "Automatica ",
volume = "39",
number = "3",
pages = "489 - 497",
month = "Mar",
year = "2003",
note = "",
issn = "0005-1098",
author = "Petter Tøndel and Tor Arne Johansen and Alberto Bemporad",
}

%%% Efficient solutions
@misc{Bemporad-2009,
author={Bemporad, A.},
journal={Controllo di Processo e dei Sistemi di Produzione},
title={Model Predictive Control: Basic Concepts},
url={www.seas.upenn.edu/~ese680/papers/Introduction{MPC}.pdf‎},
year={2009}} 

@BOOK{
         Nocedal-2006,
       edition = "2nd",
       author = "J. Nocedal and S. J. Wright",
       title = "Numerical Optimization",
       publisher = "Springer",
       year = "2006",
       address = "New York",
       ad_theotech = "General"
} 

@ONLINE{MathWorks-2014,
author = {MathWorks},
title = {Optimization Toolbox: quadprog},
year = {2014},
url = {http://www.mathworks.com/help/optim/ug/quadprog.html}
}

@ONLINE{Grant-2014,
author = {Grant, M. and Boyd, S.},
title = {{CVX}: Matlab Software for Disciplined Convex Programming},
year = {2014},
month = {Jun},
url = {http://cvxr.com/cvx/}
}

@ONLINE{Pike-2014,
author = {Pike, J},
title = {Global Security Database},
year = {2014},
month = {Aug},
url = {http://www.globalsecurity.org/org/index.html}
}



%% Related work


%Ground attack Scenarios

%the Seder one... and

@INPROCEEDINGS{Sousa-2004,
author={Sousa, J. and Simsek, T. and Varaiya, P.},
booktitle={Proc. of the 43rd IEEE Conf. on Decision and Control},
title={Task planning and execution for {{UAV}} teams},
year={2004},
month={Dec},
volume={4},
pages={3804-3810 Vol.4},
keywords={aircraft control;path planning;remotely operated vehicles;Blue force;Red ground force;SAM sites;Shift language;{UAV} teams;execution design;flight path;plan development;radars;real-time controllers;risk-minimizing path;space-time coordination;task planning;two level hierarchy;unmanned air combat vehicles;weapons release;Automata;Automatic control;Computer languages;Dynamic programming;Land vehicles;Radar;Road vehicles;Unmanned aerial vehicles;Vehicle dynamics;Weapons},
doi={10.1109/CDC.2004.1429331},
ISSN={0191-2216},}



@INPROCEEDINGS{Schumacher-2005,
author={Schumacher, C.},
booktitle={Proc. of the American Control Conf.},
title={Ground moving target engagement by cooperative {{UAV}s}},
year={2005},
month={Jun},
pages={4502-4505 vol. 7},
keywords={aircraft control;control engineering computing;military computing;military systems;multi-agent systems;remotely operated vehicles;target tracking;Multi{UAV} cooperative control simulation;cooperative {UAV};cooperative moving target engagement simulation;ground moving target engagement;vehicle agents;Communication networks;Communication system control;Humans;Land vehicles;Mobile robots;Remotely operated vehicles;Target tracking;Unmanned aerial vehicles;Vehicle dynamics;Weapons},
doi={10.1109/ACC.2005.1470705},
ISSN={0743-1619},}

@INPROCEEDINGS{Hafez-2014,
author={Hafez, AT. and Iskandarani, M. and Givigi, S.N. and Yousefi, S. and Rabbath, Camille Alain and Beaulieu, A},
booktitle={Proc. of the American Control Conf.},
title={Using Linear Model Predictive Control via Feedback Linearization for dynamic encirclement},
year={2014},
month={Jun},
pages={3868-3873},
keywords={Aerodynamics;Angular velocity;Equations;Mathematical model;Vectors;Vehicle dynamics;Vehicles;Feedback Linearization;Linear Model Predictive Control;Unmanned Aerial Vehicles},
doi={10.1109/ACC.2014.6858619},
ISSN={0743-1619},}



%Obs Avoidance

@INPROCEEDINGS{Zhou-2011,
author={Zhou Chao and Lei Ming and Zhou Shaolei and Zhang Wenguang},
booktitle={Proc. of the Int. Conf. on Electronics, Communications and Control (ICECC)},
title={Collision-free {{UAV}} formation flight control based on nonlinear {{MPC}}},
year={2011},
month={Sep},
pages={1951-1956},
keywords={aerospace simulation;aircraft control;collision avoidance;control system synthesis;convergence;nonlinear control systems;predictive control;quadratic programming;remotely operated vehicles;tracking;collision free {UAV} formation flight controller;control input saturation;cost function;filter SQP method;intervehicle collision avoidance;model predictive control;nonlinear {MPC};nonlinear optimization problem;relative distance;tracking error;unmanned aerial vehicle;velocity orientation;virtual reference point method;Collision avoidance;Cost function;Filtering algorithms;Predictive models;Trajectory;Vehicles;formation flight;nonlinear model predictive control;obstacle avoidance;priority strategy;virtual reference point},
doi={10.1109/ICECC.2011.6066578},}

@INPROCEEDINGS{Boccardo-2005,
author={M. Boccardo and M. Egerstedt and Y. Wardi},
booktitle={Proc. of Int. Fed. of Automatic ControlWorld Congress},
title={Obstacle avoidance for mobile robots using switching surface optimization},
month={Jul},
year={2005},
}

@INPROCEEDINGS{Frasch-2013,
author={Frasch, J.V. and Gray, A and Zanon, M. and Ferreau, H.J. and Sager, S. and Borrelli, F. and Diehl, M.},
booktitle={Proc. of the European Control Conf. (ECC)},
title={An auto-generated nonlinear {{MPC}} algorithm for real-time obstacle avoidance of ground vehicles},
year={2013},
month={Jul},
pages={4136-4141},
}

@INPROCEEDINGS{Storms-2014,
author={Storms, Justin G. and Tilbury, Dawn M.},
booktitle={Proc. of the American Control Conf. (ACC)},
title={Blending of human and obstacle avoidance control for a high speed mobile robot},
year={2014},
month={Jun},
pages={3488-3493},
keywords={Collision avoidance;Cost function;Mobile robots;Predictive models;Switches;Human-in-the-loop control;Mechanical systems/robotics;Predictive control for nonlinear systems},
doi={10.1109/ACC.2014.6859352},
ISSN={0743-1619},}

@article{Huang-2006,
title = "Visual navigation and obstacle avoidance using a steering potential function ",
journal = "Robotics and Autonomous Systems ",
volume = "54",
number = "4",
pages = "288 - 299",
year = "2006",
note = "",
issn = "0921-8890",
author = "Wesley H. Huang and Brett R. Fajen and Jonathan R. Fink and William H. Warren",
}

@INPROCEEDINGS{Mousavi-2013,
author={Mousavi, M.A and Heshmati, Z. and Moshiri, B.},
booktitle={Proc. of the 21st Iranian Conf. on Electrical Engineering (ICEE)},
title={{LTV-{MPC}} based path planning of an autonomous vehicle via convex optimization},
year={2013},
month={May},
pages={1-7},
keywords={Gaussian distribution;collision avoidance;convex programming;linearisation techniques;mobile robots;predictive control;remotely operated vehicles;stochastic processes;telerobotics;time-varying systems;Gaussian distribution;LTV-{MPC};algebraic simplification;autonomous vehicle;convex optimization problem;linear constraints;linear time varying model predictive control;obstacle avoidance mission;stochastic path planning;successive linearization;uncertainty sources;Collision avoidance;Mathematical model;Trajectory;Vectors;Vehicle dynamics;Vehicles;Convex Optimization;LTV-{MPC};Stochastic path planning},
doi={10.1109/IranianCEE.2013.6599610},}


@inproceedings{Fahimi-2007,
 author = {Fahimi, F.},
 title = {Nonlinear Model Predictive Formation Control for Groups of Autonomous Surface Vessels},
 booktitle = {Proc. of the Ninth IASTED Int. Conf. on Control and Applications},
 series = {CA '07},
month = {Jun}, 
year = {2007},
 isbn = {978-0-88986-666-9},
 location = {Montreal, Quebec, Canada},
 pages = {15--20},
 numpages = {6},
 acmid = {1687796},
 publisher = {ACTA Press},
 address = {Anaheim, CA, USA},
 keywords = {autonomous vehicle, formation control, nonlinear model predictive control, surface vessel},
} 



%% OTHER SOURCES





@book{Rossiter-2004,
    address = {Boca Raton, FL},
    author = {Rossiter, J. A.},
    edition = {First},
    editor = {Bishop, Robert H.},
    publisher = {CRC Press LLC},
    title = {{Model-Based Predictive Control: A Practical Approach}},
    year = {2004}
}

@ARTICLE{Kouvaritakis-1992,
author={Kouvaritakis, B. and Rossiter, J.A. and Chang, A.O.T.},
journal={Control Theory and Applications, IEEE Proceedings D},
title={Stable generalised predictive control: an algorithm with guaranteed stability},
year={1992},
month={Jul},
volume={139},
number={4},
pages={349-362},
keywords={polynomials;predictive control;stability;computational burden;generalised predictive control;polynomial operators;robust stability margins;stabilising feedback controller;stability},
ISSN={0143-7054},}

%institution = {Linköping University, Automatic Control},

@phdthesis{Lofberg-2003,
author = {L{\"o}fberg, Johan},
institution = {Linköping University, The Institute of Technology},
pages = {196},
publisher = {University},
school = {Linköping University, Automatic Control, The Institute of Technology},
title = {Minimax Approaches to Robust Model Predictive Control},
series = {Linköping Studies in Science and Technology. Dissertations},
number = {812},
year = {2003}
}

@book{Zhang-1999,
   title = "Matrix theory : basic results and techniques",
   author = "Zhang, Fuzhen",
   series = "Universitext",
   publisher = "Springer",
   address = "New York",
   url = "http://opac.inria.fr/record=b1099896",
   isbn = "0-387-98696-0",
   year = 1999
}

@BOOK{Boyd-1994,
        AUTHOR             = {S. Boyd and L. {El~{G}haoui} and E.
                              Feron and V. Balakrishnan},
        ADDRESS            = {Philadelphia, PA},
        MONTH              = jun,
        PUBLISHER          = {{SIAM}},
        SERIES             = {Studies in Applied Mathematics},
        TITLE              = {Linear Matrix Inequalities in System and
                              Control Theory},
        VOLUME             = {15},
        YEAR               = {1994},
        ISBN = {0-89871-334-X}
}

@INPROCEEDINGS{El-Ghaoui-1999,
author={El Ghaoui, L. and Calafiore, G.},
booktitle={American Control Conference, 1999. Proceedings of the 1999},
title={Worst-case state prediction under structured uncertainty},
year={1999},
month={},
volume={5},
pages={3402-3406 vol.5},
keywords={discrete time systems;filtering theory;linear systems;mathematical programming;matrix algebra;state estimation;uncertain systems;discrete-time systems;ellipsoid;linear matrix inequality;linear systems;predictive filter;semidefinite programming;state estimation;structured uncertainty;uncertain systems;Ellipsoids;Filters;Information filtering;Internet;Riccati equations;Robustness;Size measurement;Symmetric matrices;Uncertain systems;Uncertainty},
doi={10.1109/ACC.1999.782396},
ISSN={0743-1619},}


@article{El-Ghaoui-1997,
 author = {Ghaoui, Laurent El and Lebret, Herv{\'e}},
 title = {Robust Solutions to Least-Squares Problems with Uncertain Data},
 journal = {SIAM J. Matrix Anal. Appl.},
 issue_date = {Oct. 1997},
 volume = {18},
 number = {4},
 month = oct,
 year = {1997},
 issn = {0895-4798},
 pages = {1035--1064},
 numpages = {30},
 url = {http://dx.doi.org/10.1137/S0895479896298130},
 doi = {10.1137/S0895479896298130},
 acmid = {273582},
 publisher = {Society for Industrial and Applied Mathematics},
 address = {Philadelphia, PA, USA},
 keywords = {ill-conditioned problem, least-squares problems, regularization, robust identification, robust interpolation, robustness, second-order cone programming, semidefinite programming, uncertainty},
} 

@book{Boyd-2004,
 author = {Boyd, Stephen and Vandenberghe, Lieven},
 title = {Convex Optimization},
 year = {2004},
 isbn = {0521833787},
 publisher = {Cambridge University Press},
 address = {New York, NY, USA},
} 

@article{Kothare-1996,
title = "Robust constrained model predictive control using linear matrix inequalities ",
journal = "Automatica ",
volume = "32",
number = "10",
pages = "1361 - 1379",
year = "1996",
note = "",
issn = "0005-1098",
doi = "http://dx.doi.org/10.1016/0005-1098(96)00063-5",
url = "http://www.sciencedirect.com/science/article/pii/0005109896000635",
author = "Mayuresh V. Kothare and Venkataramanan Balakrishnan and Manfred Morari",
keywords = "Model predictive control",
keywords = "linear matrix inequalities",
keywords = "convex optimization",
keywords = "multivariable control systems",
keywords = "state-feedback",
keywords = "on-line operation",
keywords = "robust control",
keywords = "robust stability",
keywords = "time-varying systems "
}

@ARTICLE{Pena-2007,
author={de la Pena, D.M. and Alamo, T. and Ramirez, D.R. and Camacho, E.F.},
journal={Control Theory Applications, IET},
title={Min-max model predictive control as a quadratic program},
year={2007},
month={January},
volume={1},
number={1},
pages={328-333},
keywords={linear systems;minimax techniques;predictive control;quadratic programming;uncertain systems;bounded additive uncertainties;constrained linear systems;continuous piecewise affine function;controller;geometrical methods;min-max model predictive control;min-max optimisation problem;multi-parametric techniques;multiparametric quadratic program;quadratic cost functions;state vector},
doi={10.1049/iet-cta:20060016},
ISSN={1751-8644},}

@INPROCEEDINGS{Campo-1987,
author={Campo, Peter J. and Morari, M.},
booktitle={American Control Conference, 1987},
title={Robust Model Predictive Control},
year={1987},
month={June},
pages={1021-1026},
keywords={Chemical engineering;Chemical technology;Error correction;Linear systems;Minimax techniques;Predictive control;Predictive models;Robust control;Robustness;Uncertainty},}

@INPROCEEDINGS{Lofberg-2002,
author={L{\"o}fberg, J},
booktitle={Proceedings of the 15th IFAC World Congress, 2002},
title={Minimax {{MPC}} for systems with uncertain gain},
year={2002},
month={July},
pages={614-614},
keywords={},}


@book{Isidor-1995,
 author = {Isidori, Alberto},
 editor = {Thoma, M. and Sontag, E. D. and Dickinson, B. W. and Fettweis, A. and Massey, J. L. and Modestino, J. W.},
 title = {Nonlinear Control Systems},
 year = {1995},
 isbn = {3540199160},
 edition = {3rd},
 publisher = {Springer-Verlag New York, Inc.},
 address = {Secaucus, NJ, USA},
} 

@ARTICLE{Sarunic-2014,
author={Sarunic, P. and Evans, R.},
journal={Aerospace and Electronic Systems, IEEE Transactions on},
title={Hierarchical model predictive control of {{UAV}s} performing multitarget-multisensor tracking},
year={2014},
month={July},
volume={50},
number={3},
pages={2253-2268},
keywords={adaptive control;aerospace components;aircraft control;autonomous aerial vehicles;multi-robot systems;predictive control;sensor fusion;stability;target tracking;trajectory control;adaptive trajectory control;autonomous {UAV} team;autonomous unmanned aerial vehicle team;computational complexity;emitter localization error minimization;enemy emitter detection;enemy emitter tracking;fixed-wing aircraft model;hierarchical {MPC} algorithm;hierarchical model predictive control algorithm;long-term goals;multitarget-multisensor tracking;myopic control approach;no-fly zone avoidance;physically implementable method;radar-carrying platforms;short-term goals;suboptimal solution;system stability;Aerospace electronics;Dynamic programming;Optimization;Radar tracking;Sensors;Trajectory},
doi={10.1109/TAES.2014.120780},
ISSN={0018-9251},}

@ARTICLE{ZhangL-1999, 
author={Liqian Zhang and Lam, J. and QingLing Zhang}, 
journal={Automatic Control, IEEE Transactions on}, 
title={Lyapunov and Riccati equations of discrete-time descriptor systems}, 
year={1999}, 
month={Nov}, 
volume={44}, 
number={11}, 
pages={2134-2139}, 
keywords={Lyapunov matrix equations;Riccati equations;discrete time systems;observability;reachability analysis;stability;state feedback;Riccati equations;causal descriptor systems;discrete-time descriptor systems;generalized Lyapunov equations;noncausal descriptor systems;observability;positive definite solutions;reachability;state-feedback stabilization problem;Adaptive control;Automatic control;Delay effects;Optimal control;Polymers;Process control;Programmable control;Riccati equations;Robust control;Robustness}, 
doi={10.1109/9.802931}, 
ISSN={0018-9286},}


@INPROCEEDINGS{Merten-2012,
author={Merten, Matthias and Bley, Andreas and Schroeter, Christof and Gross, Horst-Michael},
booktitle={Robotics; Proceedings of ROBOTIK 2012; 7th German Conference on},
title={A mobile robot platform for socially assistive home-care applications},
year={2012},
pages={1-6},
keywords={Batteries;Cameras;Collision avoidance;Mobile robots;Robot vision systems},
month={May},}

@inproceedings{Abdolhosseini-2012,
 author = {M. Abdolhosseini and Y.M. Zhang and C.A. Rabbath},
 title = {Trajectory Tracking with Model Predictive Control for an Unmanned Quad-rotor Helicopter: Theory and Flight Test Results},
 booktitle = {Proceedings of the 5th International Conference on Intelligent Robotics and Applications - Volume Part I},
 year = {2012},
 location = {Montreal, QC, Canada},
 pages = {411-420},
 publisher = {Springer-Verlag},
 address = {Berlin, Heidelberg},
 keywords = {model predictive control ({MPC}), offset-free tracking, quad-rotor helicopter, trajectory tracking},
} 

@INPROCEEDINGS{Nemati-2014,
author={A. Nemati and M. Kumar},
booktitle={2014 American Control Conference},
title={Modeling and control of a single axis tilting quadcopter},
year={2014},
pages={3077-3082},
keywords={PD control;attitude control;control system synthesis;helicopters;position control;vehicle dynamics;PD controller design;actuated controls;flying modes;hovering modes;navigation capability;orientation control;over-actuated flying vehicle;position control;quadrotor aerial vehicle;rotor tilt-angle;single axis tilting quadcopter control;single axis tilting quadcopter modeling;tilting rotor quadcopter dynamic model;vehicle orientation angle;Equations;Mathematical model;Propellers;Rotors;Trajectory;Vehicle dynamics;Vehicles;Control applications;Flight control;Modeling and simulation},
doi={10.1109/ACC.2014.6859328},
ISSN={0743-1619},
month={June},}


@INPROCEEDINGS{Cao-2016, 
author={G. Cao and E. M. K. Lai and F. Alam}, 
booktitle={2016 2nd International Conference on Control, Automation and Robotics (ICCAR)}, 
title={Gaussian Process Model Predictive Control of unmanned quadrotors}, 
year={2016}, 
pages={200-206}, 
keywords={Gaussian processes;autonomous aerial vehicles;fuzzy control;helicopters;mobile robots;neurocontrollers;optimisation;predictive control;sampled data systems;trajectory control;GP models;Gaussian process model predictive control;{MPC} scheme;artificial neural networks;fuzzy models;optimization process;sampled data;trajectory tracking problem;unknown dynamical motion modelling;unmanned quadrotors;Computational modeling;Mathematical model;Numerical models;Optimal control;Optimization;Predictive models;Uncertainty;Gaussian process;model predictive control;quadrotor control}, 
doi={10.1109/ICCAR.2016.7486726}, 
month={April},}


@ARTICLE{Hafez-2015,
author={Hafez, A.T. and Marasco, A.J. and Givigi, S.N. and Iskandarani, M. and Yousefi, S. and Rabbath, C.A.},
journal={ IEEE Transactions on Control Systems Technology},
title={Solving Multi-{{UAV}} Dynamic Encirclement via Model Predictive Control},
year={2015},
month={},
volume={PP},
number={99},
pages={1-1},
keywords={Autonomous robotics;cooperative robotics;dynamic encirclement tactic;model predictive control ({MPC}).},
doi={10.1109/TCST.2015.2411632},
ISSN={1063-6536},}



@INPROCEEDINGS{Hernandez-2015,
author={Renato Ventura Bayan Henriques and E.G. Hernandez-Martinez and G. Fernandez-Anaya and E.D. Ferreira and J.J. Flores-Godoy and A. Lopez-Gonzalez},
booktitle={11th IFAC Symposium on Robot Control},
title={Trajectory Tracking of a Quadcopter {UAV} with Optimal Translational Control},
year={2015},
pages={226 - 231},
month={August}}




@INPROCEEDINGS{Ribeiro-2015,
author={Tiago T. Ribeiro and André G.S. Conceição and Inkyu Sa and Peter Corke},
booktitle={11th IFAC Symposium on Robot Control},
title={Nonlinear Model Predictive Formation Control for Quadcopters},
year={2015},
pages={39-44},
keywords={autonomous aerial vehicles;control engineering computing;cryptography;mobile communication;networked control systems;{UAV};WNCS;active attacks;aerial robot;cryptography;latency balancing;passive attacks;remote control;remote functionality;secure multihop communication link;security vulnerabilities;throughput balancing;unmanned aerial vehicles;wireless broadcast;wireless networked control systems;wireless secure communication link;Communication system security;Correlation;Mathematical model;Predictive models;Security;Throughput;Wireless communication;Latency;Security;Throughput;Unmanned Aerial Vehicles;Wireless},
month={August}}

@INPROCEEDINGS{Sparrow-2015,
author={R. D. Sparrow and A. A. Adekunle and R. J. Berry and R. J. Farnish},
booktitle={Cybernetics (CYBCONF), 2015 IEEE 2nd International Conference on},
title={Balancing throughput and latency for an aerial robot over a wireless secure communication link},
year={2015},
pages={184-189},
keywords={autonomous aerial vehicles;control engineering computing;cryptography;mobile communication;networked control systems;{UAV};WNCS;active attacks;aerial robot;cryptography;latency balancing;passive attacks;remote control;remote functionality;secure multihop communication link;security vulnerabilities;throughput balancing;unmanned aerial vehicles;wireless broadcast;wireless networked control systems;wireless secure communication link;Communication system security;Correlation;Mathematical model;Predictive models;Security;Throughput;Wireless communication;Latency;Security;Throughput;Unmanned Aerial Vehicles;Wireless},
doi={10.1109/CYBConf.2015.7175929},
month={June}}


@INPROCEEDINGS{Kouz-2015,
author={David Muñoz de la Peña and Daniel Limón and D. Kouzoupis and R. Quirynen and J.V. Frasch and M. Diehl},
booktitle={5th IFAC Conference on Nonlinear Model Predictive Control},
title={Block Condensing for Fast Nonlinear {MPC} with the Dual Newton Strategy},
year={2015},
pages={26 - 31},
month={September}}

@INPROCEEDINGS{Kurik-2015,
author={Y. Kuriki and T. Namerikawa},
booktitle={Control Conference (ECC), 2015 European},
title={Formation control with collision avoidance for a multi-{UAV} system using decentralized {MPC} and consensus-based control},
year={2015},
pages={3079-3084},
keywords={autonomous aerial vehicles;collision avoidance;cooperative systems;decentralised control;mobile robots;multi-robot systems;optimisation;predictive control;collision avoidance;consensus-based control;cooperative formation control strategy;decentralized {MPC};decentralized model predictive control;multi{UAV} system;multiunmanned aerial vehicle system;optimization problems;trajectory tracking;Heuristic algorithms;Linear matrix inequalities;Optimal control;Optimization;Prediction algorithms;Rotors;Trajectory},
doi={10.1109/ECC.2015.7331006},
month={July},}

@INPROCEEDINGS{Chao-2011b,
author={Zhou Chao and Lei Ming and Zhou Shaolei and Zhang Wenguang},
booktitle={International Conference on Electronics, Communications and Control (ICECC)},
title={Collision-free {{UAV}} formation flight control based on nonlinear{{MPC}}},
year={2011},
pages={1951-1956},
keywords={aerospace simulation;aircraft control;collision avoidance;control system synthesis;convergence;nonlinear control systems;predictive control;quadratic programming;remotely operated vehicles;tracking;collision free {UAV} formation flight controller;control input saturation;cost function;filter SQP method;intervehicle collision avoidance;model predictive control;nonlinear {MPC};nonlinear optimization problem;relative distance;tracking error;unmanned aerial vehicle;velocity orientation;virtual reference point method;Collision avoidance;Cost function;Filtering algorithms;Predictive models;Trajectory;Vehicles;formation flight;nonlinear model predictive control;obstacle avoidance;priority strategy;virtual reference point},
doi={10.1109/ICECC.2011.6066578},
month={Sep},}

@ARTICLE{Park-2015,
author={J. Park and S. Karumanchi and K. Iagnemma},
journal={IEEE Transactions on Robotics},
title={Homotopy-Based Divide-and-Conquer Strategy for Optimal Trajectory Planning via Mixed-Integer Programming},
year={2015},
volume={31},
number={5},
pages={1101-1115},
keywords={collision avoidance;integer programming;predictive control;trajectory optimisation (aerospace);MIQP;cell-decomposition method;homotopic trajectory planning;homotopy identification;homotopy-based divide-and-conquer strategy;linear model-predictive control;local trajectory generation problem;mixed-integer programming;mixed-integer quadratic programming;nonconvex collision-free constraint;obstacle-avoidance problem;optimal trajectory planning;optimization;path homotopy;Computational modeling;Navigation;Planning;Robots;Search problems;Trajectory;Vehicles;Mixed-integer programming (MIP);model-predictive control ({MPC});motion control;nonholonomic motion planning},
doi={10.1109/TRO.2015.2459373},
ISSN={1552-3098},
month={Oct},}

@INPROCEEDINGS{Deits-2015,
author={Deits, R. and Tedrake, R.},
booktitle={IEEE International Conference on Robotics and Automation (ICRA)},
title={Efficient mixed-integer planning for {{UAV}}s in cluttered environments},
year={2015},
pages={42-49},
keywords={autonomous aerial vehicles;collision avoidance;convex programming;greedy algorithms;integer programming;piecewise polynomial techniques;Drake toolbox;IRIS;Matlab;SOS programming;{UAV};cluttered environments;convex constraint;convex region;dynamical model;global optimum;greedy convex segmentation;integer variables;knot points;mixed integer optimization;mixed integer planning;obstacle avoidance;obstacle free;piecewise polynomial trajectory;quadrotor;safe space;smooth trajectory;sum of square programming;unmanned aerial vehicle;Collision avoidance;Iris;Linear programming;Optimization;Planning;Polynomials;Trajectory},
doi={10.1109/ICRA.2015.7138978},
month={May},}

@ARTICLE{Bemporad-2016,
author={A. Bemporad},
journal={IEEE Transactions on Automatic Control},
title={A Quadratic Programming Algorithm Based on Nonnegative Least Squares With Applications to Embedded Model Predictive Control},
year={2016},
volume={61},
number={4},
pages={1111-1116},
keywords={arithmetic;convex programming;iterative methods;least squares approximations;linear systems;number theory;predictive control;quadratic programming;LDLT decompositions;LDP;{MPC};NNLS reformulation;QP problems;arithmetic operations;convex quadratic programming problems;finite number;iterative methods;least distance problem;linear inequality constraints;linear systems;model predictive control;nonnegative least squares;Linear systems;MATLAB;Matrix decomposition;Prediction algorithms;Predictive control;Quadratic programming;Active set methods;Model predictive control;Nonnegative least squares;Quadratic programming;model predictive control;nonnegative least squares;quadratic programming},
doi={10.1109/TAC.2015.2459211},
ISSN={0018-9286},
month={Apr},}

@ONLINE{Quanser-2016,
author = {Quanser},
title = {Qball 2 Production Information},
year = {2016},
month = {Sep},
url = {http://www.quanser.com/products/qball2}
}


@book{Quanser-2015,
 author = {Quanser},
 title = {User Manual Qball 2 for {QUARC}: Set Up and Configuration},
 year = {2015},
 publisher = {Quanser, Inc.},
 address = {Markham, ON, Canada},
} 

%FOS

@INPROCEEDINGS{Atia-2014,
author={M. Atia and C. Donnelly and A. Noureldin and M. Korenberg},
booktitle={2014 IEEE International Systems Conference Proceedings},
title={A novel systems integration approach for multi-sensor integrated navigation systems},
year={2014},
pages={554-558},
keywords={Global Positioning System;distance measurement;gyroscopes;inertial navigation;micromechanical devices;particle filtering (numerical methods);radio receivers;search problems;sensor fusion;3D land-vehicle multi-sensors navigation system;FOS;GPS;GPS receiver;Global Positioning System;INS;Kalman filter;MEMS gyroscope;fast orthogonal search;high-end navigation system;horizontal low-cost MEMS-grade accelerometers;inertial navigation systems;intelligent transportation systems;multisensor integrated navigation systems;nonlinear systems identification technique;nonlinear systems modelling method;particle filter;robust navigation solution;systems integration approach;vehicle odometer;vehicles technology;Atmospheric measurements;Azimuth;Filtering;Global Positioning System;Mathematical model;Vehicles;Fast Orthogonal Search;GPS;INS;Land-vehicles},
doi={10.1109/SysCon.2014.6819310},
month={March},}

@ARTICLE{Johns-2016,
author={G. Johns and E. Morin and K. Hashtrudi-Zaad},
journal={IEEE Transactions on Neural Systems and Rehabilitation Engineering},
title={Force Modelling of Upper Limb Biomechanics Using Ensemble Fast Orthogonal Search on High-Density Electromyography},
year={2016},
volume={24},
number={10},
pages={1041-1050},
keywords={biomechanics;electromyography;physiological models;HD-SEMG;biceps brachii;brachioradialis;ensemble fast orthogonal search;ensemble learning technique;high-density surface electromyography;limb biomechanics force modelling;limb force estimation;triceps brachii;univariate outlier detection algorithm;upper-arm muscle;Biological system modeling;Elbow;Electrodes;Estimation;Force;Muscles;Principal component analysis;Biomechanics;ensemble learning;fast orthogonal search;high-density electromyography},
doi={10.1109/TNSRE.2016.2515087},
ISSN={1534-4320},
month={Oct},}

@INPROCEEDINGS{Nahlawi-2010,
author={L. I. Nahlawi and P. Mousavi},
booktitle={2010 Annual International Conference of the IEEE Engineering in Medicine and Biology},
title={Fast orthogonal search for genetic feature selection},
year={2010},
pages={1077-1080},
keywords={bioinformatics;genetics;genomics;polymorphism;regression analysis;search problems;fast orthogonal search;genetic feature selection;large-scale genome wide dataset;multivariate regression approach;single nucleotide polymorphism;Accuracy;Biological cells;Cutoff frequency;Data models;Genetics;Histograms;Matrix decomposition;Algorithms;Base Sequence;DNA;DNA Mutational Analysis;Humans;Molecular Sequence Data;Pattern Recognition, Automated;Polymorphism, Single Nucleotide;Sequence Analysis, DNA},
doi={10.1109/IEMBS.2010.5627300},
ISSN={1094-687X},
month={Aug},}

@ARTICLE{McGaughey-2010,
author={D. R. McGaughey and V. Dagenais and S. P. Pecknold},
journal={IEEE Journal of Oceanic Engineering},
title={Improved torpedo range estimation using the fast orthogonal search},
year={2010},
volume={35},
number={3},
pages={595-602},
keywords={distance measurement;missiles;sonar detection;sonar target recognition;fast orthogonal search;frequency estimates;generic sonar model;improved torpedo range estimation;torpedo detection algorithm;waveform transmission through a channel;Band pass filters;Chirp;Estimation;Frequency estimation;Receivers;Sea surface;Time frequency analysis;Fast orthogonal search (FOS);sonar distance measurement;sonar object recognition},
doi={10.1109/JOE.2010.2052971},
ISSN={0364-9059},
month={July},}

@INPROCEEDINGS{Korenberg-1989a,
author={M. J. Korenberg},
booktitle={Proceedings of the Fifteenth Annual Northeast Bioengineering Conference},
title={Biological time-series analysis via a fast orthogonal search},
year={1989},
pages={149-150},
keywords={biophysics;data analysis;spectral analysis;time series;biological time-series data;missing data;most significant frequencies;orthogonal search;parsimonious sinusoidal series model;time-series analysis;unequally-spaced data;Analytical models;Biological system modeling;Difference equations;Fast Fourier transforms;Fourier series;Frequency estimation;Maximum likelihood estimation;Polynomials;Search methods;Time series analysis},
doi={10.1109/NEBC.1989.36744},
month={Mar},}

@article{Shen-2011,
title = "Low cost two dimension navigation using an augmented Kalman filter/Fast Orthogonal Search module for the integration of reduced inertial sensor system and Global Positioning System ",
journal = "Transportation Research Part C: Emerging Technologies ",
volume = "19",
number = "6",
pages = "1111 - 1132",
year = "2011",
note = "",
issn = "0968-090X",
doi = "http://dx.doi.org/10.1016/j.trc.2011.01.001",
url = "http://www.sciencedirect.com/science/article/pii/S0968090X11000131",
author = "Zhi Shen and Jacques Georgy and Michael J. Korenberg and Aboelmagd Noureldin",
keywords = "Land vehicle navigation",
keywords = "Inertial navigation system",
keywords = "Inertial sensors",
keywords = "GPS",
keywords = "Kalman filter",
keywords = "Fast Orthogonal Search "
}

@Article{FOSKorenberg-1988,
author="Korenberg, Michael J.",
title="Identifying nonlinear difference equation and functional expansion representations: The fast orthogonal algorithm",
journal="Annals of Biomedical Engineering",
year="1988",
volume="16",
number="1",
pages="123--142",
abstract="A method is presented for identifying functional expansion and difference equation representations for nonlinear systems. The method relies on an orthogonal approach which does not require explicit creation of orthogonal functions. This greatly reduces computing time, so that 15-fold increases in speed of estimating kernels or difference equation coefficients are readily obtainable, compared with a previous orthogonal technique. In addition, storage requirements are considerably diminished. A wide variety of input excitation, both random and deterministic, can be used, and the method is not limited to inputs which are Gaussian, white or lengthy. A model of the peripheral auditory system is simulated to show kernel measurement is free of artifacts using the present method, in contrast to the crosscorrelation approach.",
issn="1573-9686",
doi="10.1007/BF02367385",
url="http://dx.doi.org/10.1007/BF02367385"
}



@Article{FOSKorenberg-1987,
author="Korenberg, Michael J.",
title="Fast orthogonal identification of nonlinear difference equation models",
journal="Proceedings of the 30th Midwest Symposium on Circuits
and Systems",
year="1987",
volume="1",
pages="90-95",
}


@Article{FOSKorenberg-1989b,
author="Korenberg, Michael J.
and Paarmann, Larry D.",
title="Applications of fast orthogonal search: Time-series analysis and resolution of signals in noise",
journal="Annals of Biomedical Engineering",
year="1989",
volume="17",
number="3",
pages="219--231",
abstract="In this paper a technique is examined for obtaining accurate and parsimonious sinusoidal series representations of biological time-series data, and for resolving sinusoidal signals in noise. The technique operates via a fast orthogonal search method discussed in the paper, and achieves economy of representation by finding the most significant sinusoidal frequencies first, in a least squares fit sense. Another reason for the parsimony in representation is that the identified sinusoidal series model is not restricted to frequencies which are commensurate or integral multiples of the fundamental frequency corresponding to the record length. Biological applications relate to spectral analysis of noisy time-series data such as EEG, ECG, EMG, EOG, and to speech analysis. Simulations are provided to demonstrate precise detection of component frequencies and weights in short data records, coping with missing or unequally spaced data, and recovery of signals heavily contaminated with noise. The technique is also shown to be capable of higher frequency resolution than is achievable by conventional Fourier series analysis.",
issn="1573-9686",
doi="10.1007/BF02368043",
url="http://dx.doi.org/10.1007/BF02368043"
}

@Article{Korenberg-1997b,
author ="J. Korenberg, Michael and J. H. Brenan, Colin and W. Hunter, Ian",
title  ="Raman Spectral Estimation via Fast Orthogonal Search",
journal  ="Analyst",
year  ="1997",
volume  ="122",
issue  ="9",
pages  ="879-882",
publisher  ="The Royal Society of Chemistry",
doi  ="10.1039/A700902J",
url  ="http://dx.doi.org/10.1039/A700902J",
abstract  ="A Fourier transform (FT) spectrometer measures the autocorrelation (interferogram) of radiation emitted from a source and estimates the optical power spectral density through application of the discrete Fourier transform (DFT) to the recorded interferogram. Although a widely used method{,} FT spectrometry suffers because its frequency resolution is limited to the sampling rate divided by the number of time-series data points. A large number of points are therefore required to resolve an optical spectrum properly. In this paper{,} it is shown that a noise-resistant technique known as fast orthogonal search (FOS) can be used to achieve accurate optical spectrum estimation. Further{,} it is shown that frequency accuracy comparable to the DFT applied to the full interferogram can be obtained with FOS even if the original interferogram is contaminated with noise and then reduced by a factor of up to 10 by irregularly spaced sampling. The FOS application presented here is for the estimation of Raman spectra from interferograms acquired with an FT Raman spectrometer."}


@INPROCEEDINGS{McGaughey-2010b, 
author={D. R. McGaughey and R. B. Wood}, 
booktitle={OCEANS 2010 MTS/IEEE SEATTLE}, 
title={Using multipath signals to estimate the range of high speed underwater targets}, 
year={2010}, 
pages={1-9}, 
keywords={multipath channels;sonar target recognition;underwater acoustic communication;adaptive candidate FOS algorithm;fast orthogonal search;high speed underwater targets;multipath signals;range estimation;Adaptation model;Equations;Frequency estimation;Mathematical model;Receivers;Signal resolution;Time frequency analysis}, 
doi={10.1109/OCEANS.2010.5664007}, 
ISSN={0197-7385}, 
month={Sept},}

@ARTICLE{Adeney-1994, 
author={K. M. Adeney and M. J. Korenberg}, 
journal={IEE Proceedings - Vision, Image and Signal Processing}, 
title={Fast orthogonal search for array processing and spectrum estimation}, 
year={1994}, 
volume={141}, 
number={1}, 
pages={13-18}, 
keywords={array signal processing;parameter estimation;search problems;spectral analysis;FOS;IFOS;algorithm;angles of arrival;array of sensors;array processing;array steering vector model;fast orthogonal search;iterative version;multiple plane waves;narrowband signals;noise;spectrum estimation;temporal frequencies}, 
doi={10.1049/ip-vis:19949646}, 
ISSN={1350-245X}, 
month={Feb},}


@article{Adeney-2000,
title = "Iterative fast orthogonal search algorithm for MDL-based training of generalized single-layer networks ",
journal = "Neural Networks ",
volume = "13",
number = "7",
pages = "787 - 799",
year = "2000",
note = "",
issn = "0893-6080",
doi = "http://dx.doi.org/10.1016/S0893-6080(00)00049-6",
url = "http://www.sciencedirect.com/science/article/pii/S0893608000000496",
author = "K.M. Adeney and M.J. Korenberg",
keywords = "Fast orthogonal search",
keywords = "Orthogonal least squares",
keywords = "Minimum description length",
keywords = "Radial basis function",
keywords = "Volterra network",
keywords = "Generalized single-layer network",
keywords = "Generalized linear discriminant",
keywords = "Mackey–Glass ",
abstract = "The generalized single-layer network (GSLN) architecture, which implements a sum of arbitrary basis functions defined on its inputs, is potentially a flexible and efficient structure for approximating arbitrary nonlinear functions. A drawback of \{GSLNs\} is that a large number of weights and basis functions may be required to provide satisfactory approximations. In this paper, we present a new approach in which an algorithm known as iterative fast orthogonal search (IFOS) is coupled with the minimum description length (MDL) criterion to provide automatic structure selection and parameter estimation for GSLNs. The resulting algorithm, dubbed IFOS–MDL, performs both network growth and pruning to construct sparse \{GSLNs\} from potentially large spaces of candidate basis functions. "
}


@incollection{Korenberg-2004,
  author      = "M. J. Korenberg",
  title       = "Functional expansions, parallel cascades and nonlinear difference equations",
  editor      = "V.Z. Marmarelis",
  booktitle   = "Advanced methods of physiological system modelling",
  publisher   = "USC Biomedical Simulations Resource",
  address     = "Los Angeles",
  year        = 1987,
  pages       = "221-240",
}

@inproceedings{Lecointe-2015,
       booktitle = {Proceedings of European Aerospace Guidance Navigation and Control Conference (EuroGNC)},
           month = {April},
           title = {Backstepping control law application to path tracking with an indoor quadrotor},
          author = {Maxime Lecointe and Caroline Ponzoni Carvalho Chanel and Fran{\cc}ois Defay},
         address = {Toulouse, FR},
            year = {2015},
           pages = {pp.1--19},
        keywords = {Backstepping Control - Quadrotor application case - UAV},
             url = {http://oatao.univ-toulouse.fr/14669/},
        abstract = {This paper presents an application of the backstepping control to a path tracking mission using an indoor quadrotor. This study case starts on modeling the quadrotor dynamics in order to design a backstepping control which we applied directly to the Lagrangian dynamic equations. The backstepping control is chosen due to its applicability to this class of nonlinear and under-actuate system. To test the designed control law, a complete quadrotor model identification was performed, using a motion capture system. The procedure used to obtain a good model approximation is presented. Experimental results illustrate the validity of the designed control law, including rich simulations and real indoor flight tests.}
}

@article{Meier-2012,
 author = {Meier, Lorenz and Tanskanen, Petri and Heng, Lionel and Lee, Gim Hee and Fraundorfer, Friedrich and Pollefeys, Marc},
 title = {PIXHAWK: A Micro Aerial Vehicle Design for Autonomous Flight Using Onboard Computer Vision},
 journal = {Auton. Robots},
 issue_date = {August    2012},
 volume = {33},
 number = {1-2},
 month = aug,
 year = {2012},
 issn = {0929-5593},
 pages = {21--39},
 numpages = {19},
 url = {http://dx.doi.org/10.1007/s10514-012-9281-4},
 doi = {10.1007/s10514-012-9281-4},
 acmid = {2340114},
 publisher = {Kluwer Academic Publishers},
 address = {Hingham, MA, USA},
 keywords = {Computer vision, Micro aerial vehicles, Quadrotor, Stereo vision},
}


@misc{koehl-2012,
  author = {Koehl, A.},
  title = {Modelisation, observation et commande d?un drone miniature a birotor coaxial},
  school = {Universite Henri Poincare - Nancy I},
  year = {2012},
  howpublished = {PhD Thesis, Automatique / Robotique, Universite Henri Poincare}
}


% Dual KF

@ARTICLE{Hong-2015, 
author={S. Hong and C. Lee and F. Borrelli and J. K. Hedrick}, 
journal={IEEE Transactions on Intelligent Transportation Systems}, 
title={A Novel Approach for Vehicle Inertial Parameter Identification Using a Dual Kalman Filter}, 
year={2015}, 
volume={16}, 
number={1}, 
pages={151-161}, 
keywords={Kalman filters;control engineering computing;digital simulation;friction;nonlinear filters;parameter estimation;position control;road vehicles;traffic engineering computing;vehicle dynamics;constant tire-road friction coefficient;dual Kalman filter;dual unscented Kalman filter;extensive CarSim simulations;flat road;four-wheel nonlinear vehicle model;inertial parameters;local observability analysis;longitudinal position;nonlinear vehicle model;roll dynamics;sprung mass;vehicle inertial parameter identification;vehicle state;yaw inertia moment;Estimation;Force;Tires;Vectors;Vehicle dynamics;Vehicles;Wheels;Intelligent transportation systems;Kalman filter;nonlinear dynamic systems}, 
doi={10.1109/TITS.2014.2329305}, 
ISSN={1524-9050}, 
month={Feb},}

@article{Wenzel-2006,
author = { T. A. Wenzel and K. J. Burnham and M. V. Blundell and R. A. Williams },
title = {Dual extended Kalman filter for vehicle state and parameter estimation},
journal = {Vehicle System Dynamics},
volume = {44},
number = {2},
pages = {153-171},
year = {2006},
doi = {10.1080/00423110500385949},
 
URL = {
http://dx.doi.org/10.1080/00423110500385949
},
eprint = {
http://dx.doi.org/10.1080/00423110500385949
}
 
}

%Systems Papers
@ARTICLE{Song-2014,
author={K. sub Song and P. C. Chu},
journal={IEEE Systems Journal},
title={Conceptual Design of Future Undersea Unmanned Vehicle (UUV) System for Mine Disposal},
year={2014},
volume={8},
number={1},
pages={43-51},
keywords={autonomous underwater vehicles;decision making;military systems;underwater optical wireless communication;weapons;UUV MCM system;charged deliverable vehicles;conceptual design;decision making;disposable mine neutralization instruments;electromagnetic wave communication systems;future undersea unmanned vehicle system;mine countermeasure system;mine disposal;onboard mine reconnaissance;surface vehicle units;underwater optical communication systems;upgrading data process units;Data processing;Optical fiber communication;Sensor systems;Sonar navigation;Vehicles;Conceptual system design;mine disposal system;system effectiveness;unmanned underwater vehicle (UUV) technology},
doi={10.1109/JSYST.2012.2210592},
ISSN={1932-8184},
month={March},}

@ARTICLE{Mohseni-2016,
author={F. Mohseni and A. Doustmohammadi and M. B. Menhaj},
journal={IEEE Systems Journal},
title={Distributed Receding Horizon Coverage Control for Multiple Mobile Robots},
year={2016},
volume={10},
number={1},
pages={198-207},
keywords={computational geometry;distributed control;mobile robots;multi-robot systems;optimal control;predictive control;probability;stability;centroidal Voronoi configuration;distributed coverage control;event occurrence probability;mission space modelling;multiple mobile robot;probability density function;receding horizon control;robot stabilization;Cost function;Mobile robots;Robot sensing systems;Trajectory;Vectors;Coverage control;distributed control;optimization;receding horizon control (RHC);robot motion},
doi={10.1109/JSYST.2014.2325219},
ISSN={1932-8184},
month={March},}


@ARTICLE{Nair-2015,
author={R. R. Nair and L. Behera and V. Kumar and M. Jamshidi},
journal={IEEE Systems Journal},
title={Multisatellite Formation Control for Remote Sensing Applications Using Artificial Potential Field and Adaptive Fuzzy Sliding Mode Control},
year={2015},
volume={9},
number={2},
pages={508-518},
keywords={Lyapunov methods;adaptive control;artificial satellites;control system synthesis;fuzzy control;fuzzy reasoning;remote sensing;robust control;variable structure systems;Lyapunov stability theory;adaptive fuzzy sliding mode control;adaptive tuning algorithm;artificial potential field method;chattering phenomenon;fuzzy inference mechanism;fuzzy-SMC-based technique;multisatellite formation control;path planning;remote sensing application;robust controller;Dynamics;Orbits;Remote sensing;Robustness;Satellites;Space vehicles;Uncertainty;Adaptive fuzzy sliding mode control (AFSMC);Hamiltonian dynamics;artificial potential function;circular formation;multisatellite;remote sensing;sliding mode control (SMC)},
doi={10.1109/JSYST.2014.2335442},
ISSN={1932-8184},
month={June},}

@ARTICLE{Lipinski-2016,
author={D. Lipinski and K. Mohseni},
journal={IEEE Systems Journal},
title={Micro/Miniature Aerial Vehicle Guidance for Hurricane Research},
year={2016},
volume={10},
number={3},
pages={1263-1270},
keywords={autonomous aerial vehicles;environmental monitoring (geophysics);microrobots;mobile robots;sensors;storms;Lagrangian dynamics;MAV;high-level control scheme;hurricane monitoring;hurricane research;in situ measurement;microaerial vehicle guidance;mobile sensor;small unmanned aircraft system;Atmospheric modeling;Computational modeling;Data models;Hurricanes;Sensors;Vehicles;Wind speed;Environmental monitoring;hurricanes;path planning;unmanned aerial vehicles},
doi={10.1109/JSYST.2015.2487449},
ISSN={1932-8184},
month={Sept},}

@INPROCEEDINGS{JardineSys-2017, 
author={P. T. Jardine and S. N. Givigi and S. Yousefi}, 
booktitle={2017 Annual IEEE International Systems Conference (SysCon)}, 
title={Experimental results for autonomous model-predictive trajectory planning tuned with machine learning}, 
year={2017}, 
volume={}, 
number={}, 
pages={1-7}, 
keywords={autonomous aerial vehicles;collision avoidance;helicopters;learning (artificial intelligence);learning automata;mobile robots;nonlinear control systems;predictive control;time-varying systems;trajectory control;MPC;autonomous model-predictive trajectory planning;autonomous quadrotors;high-level trajectory planning algorithm;hover condition;learning automata;machine learning;model predictive control;nonlinear plant dynamics;obstacle avoidance;quadcopter;time-varying planar inequality constraints;unmanned aerial vehicle;Computational modeling;Iron;Linear programming;Nonlinear dynamical systems;Planning;Trajectory;Unmanned aerial vehicles}, 
doi={10.1109/SYSCON.2017.7934801}, 
ISSN={}, 
month={April},}

@INPROCEEDINGS{Jones-2005, 
author={C. Jones and M. McGoldrick}, 
booktitle={IEEE Autotestcon, 2005.}, 
title={User-centric digital test architecture}, 
year={2005}, 
volume={}, 
number={}, 
pages={666-673}, 
keywords={automatic test equipment;digital instrumentation;integrated circuit testing;logic testing;asynchronous event handling;automatic handshaking;data compression;digital test instrument;dynamic instrument reconfiguration;hardware subroutines;serial event handling;user-centric digital test architecture;Algorithms;Assembly;Circuit testing;Electronic equipment testing;Hardware;Instruments;Logic;Programming profession;Protocols;Timing}, 
doi={10.1109/AUTEST.2005.1609214}, 
ISSN={1088-7725}, 
month={Sept},}

@INPROCEEDINGS{Bui-2016, 
author={T. Q. Bui and L. D. Pham and H. M. Nguyen and V. T. Nguyen and T. C. Le and T. Hoang}, 
booktitle={2016 International Conference on Advanced Computing and Applications (ACOMP)}, 
title={An Effective Architecture of Memory Built-In Self-Test for Wide Range of SRAM}, 
year={2016}, 
volume={}, 
number={}, 
pages={121-124}, 
keywords={SRAM chips;application specific integrated circuits;built-in self test;fault diagnosis;memory architecture;ASIC design flow;MARCH C- algorithm;MBIST;SRAM;TLAPNPSF algorithm;application specific integrated circuit;memory built-in self-test architecture;memory fault detection;silicon requirement;static random access memory;strict silicon criteria satisfaction;test algorithm;Algorithm design and analysis;Built-in self-test;Circuit faults;Computer architecture;Hardware;Logic gates;Random access memory;ASIC;MBIST;MarchC;SRAM;TLAPNPSF}, 
doi={10.1109/ACOMP.2016.026}, 
ISSN={}, 
month={Nov},}

@INPROCEEDINGS{Biasoli-2000, 
author={G. Biasoli and F. Ferrandi and A. Fin and F. Fummi and D. Sciuto}, 
booktitle={Proceedings IEEE International Symposium on Defect and Fault Tolerance in VLSI Systems}, 
title={BIST architectures selection based on behavioral testing}, 
year={2000}, 
volume={}, 
number={}, 
pages={292-298}, 
keywords={VLSI;built-in self test;circuit CAD;design for testability;integrated circuit testing;logic CAD;logic testing;sequences;shift registers;BIST architectures selection;DFT;LFSR-based architectures;VHDL descriptions;behavioral test sequences;behavioral testing;compact test sequences identification;high stuck-at fault coverage;linear feedback shift registers;self-testing architecture;test pattern;Automatic testing;Built-in self-test;Circuit faults;Circuit simulation;Circuit testing;Clocks;Costs;Fault detection;Performance analysis;Performance evaluation}, 
doi={10.1109/DFTVS.2000.887169}, 
ISSN={1550-5774}, 
month={},}

@book{Murphy:2000,
 author = {Murphy, Robin R.},
 title = {Introduction to AI Robotics},
 year = {2000},
 isbn = {0262133830},
 edition = {1st},
 publisher = {MIT Press},
 address = {Cambridge, MA, USA},
} 

@INPROCEEDINGS{8216936, 
author={X. Yu and L. Liang and R. Zhou and R. Sinha}, 
booktitle={IECON 2017 - 43rd Annual Conference of the IEEE Industrial Electronics Society}, 
title={A software architecture for energy consumption optimization in location-based mobile applications}, 
year={2017}, 
volume={}, 
number={}, 
pages={5400-5405}, 
keywords={Batteries;Computer architecture;Energy consumption;Global Positioning System;Middleware;Sensors;Wireless fidelity;Cell Tower;Energy Consumption;GPS;Location Based Service (LBS);Middleware Architecture;Wi-Fi}, 
doi={10.1109/IECON.2017.8216936}, 
ISSN={}, 
month={Oct},}

